"SPCD","COMMON_NAME","SHARED_COMMON_NAME_IND","GENUS","SPECIES","VARIETY","SUBSPECIES","SCIENTIFIC_NAME","SPECIES_SYMBOL","E_SPGRPCD","W_SPGRPCD","C_SPGRPCD","P_SPGRPCD","MAJOR_SPGRPCD","STOCKING_SPGRPCD","FOREST_TYPE_SPGRPCD","JENKINS_SPGRPCD","JENKINS_SAPLING_ADJUSTMENT","SITETREE","SFTWD_HRDWD","WOODLAND","WOOD_SPGR_GREENVOL_DRYWT","WOOD_SPGR_GREENVOL_DRYWT_CIT","BARK_SPGR_GREENVOL_DRYWT","BARK_SPGR_GREENVOL_DRYWT_CIT","MC_PCT_GREEN_WOOD","MC_PCT_GREEN_WOOD_CIT","MC_PCT_GREEN_BARK","MC_PCT_GREEN_BARK_CIT","BARK_VOL_PCT","BARK_VOL_PCT_CIT","CWD_DECAY_RATIO1","CWD_DECAY_RATIO2","CWD_DECAY_RATIO3","CWD_DECAY_RATIO4","CWD_DECAY_RATIO5","DWM_CARBON_RATIO","CARBON_RATIO_LIVE","DRYWT_TO_GREENWT_CONVERSION","CREATED_DATE","MODIFIED_DATE"
10,"FIR SPP.","N","ABIES","spp.","","","ABIES SP.","ABIES",6,12,NA,NA,2,1,220,3,0.60817,"","S","N",0.36,23,0.49,23,84,23,62.43,23,11.76,21,1,0.84,0.71,0.45,0.45,0.521,0.48,1.8102375898,"2021-09-03 22:38:52",""
11,"PACIFIC SILVER FIR","N","ABIES","amabilis","","","ABIES AMABILIS","ABAM",9,12,NA,NA,2,18,1,3,0.60193,"X","S","N",0.4,1,0.44,7,70,7,63.90909,18,14,30,0.9,0.83,0.604,0.404,0.309,0.521,0.493,1.6918717492,"2021-09-03 22:38:53",""
12,"BALSAM FIR","N","ABIES","balsamea","","","ABIES BALSAMEA","ABBA",6,12,NA,NA,2,1,55,3,0.60817,"X","S","N",0.33,1,0.4,4,118.54545,4,100.325,12,12,35,1,1,0.828,0.5,0.294,0.521,0.506,2.1623174206,"2021-09-03 22:38:53",""
14,"SANTA LUCIA OR BRISTLECONE FIR","N","ABIES","bracteata","","","ABIES BRACTEATA","ABBR",9,12,NA,NA,2,18,2,3,0.60193,"","S","N",0.36,24,0.49,24,84,24,62.43,24,11.76,24,0.979,0.848,0.604,0.404,0.309,0.521,0.48,1.8102375898,"2021-09-03 22:38:53",""
15,"WHITE FIR","N","ABIES","concolor","","","ABIES CONCOLOR","ABCO",9,12,NA,NA,2,15,2,3,0.60193,"X","S","N",0.37,1,0.56,3,103.56757,4,63.125,18,12,21,0.958,0.759,0.47,0.381,0.33,0.521,0.51,1.9735132868,"2021-09-03 22:38:53",""
16,"FRASER FIR","N","ABIES","fraseri","","","ABIES FRASERI","ABFR",9,12,NA,NA,2,1,56,3,0.63086,"","S","N",0.36,24,0.49,24,84,24,62.43,24,11.76,24,0.979,0.848,0.604,0.404,0.309,0.521,0.48,1.8102375898,"2021-09-03 22:38:53",""
17,"GRAND FIR","N","ABIES","grandis","","","ABIES GRANDIS","ABGR",9,12,NA,NA,2,18,3,3,0.60193,"X","S","N",0.35,1,0.57,3,106.05714,4,63.07018,18,12,21,0.974,0.84,0.643,0.404,0.309,0.521,0.481,1.9902963507,"2021-09-03 22:38:53",""
18,"CORKBARK FIR","N","ABIES","lasiocarpa","arizonica","","ABIES LASIOCARPA VAR. ARIZONICA","ABLAA",9,12,NA,NA,2,1,4,3,0.60193,"X","S","N",0.36,24,0.49,24,84,24,62.43,24,11.76,24,1,0.929,0.752,0.49,0.377,0.521,0.48,1.8102375898,"2021-09-03 22:38:55",""
19,"SUBALPINE FIR","N","ABIES","lasiocarpa","","","ABIES LASIOCARPA","ABLA",9,12,NA,NA,2,1,4,3,0.60193,"X","S","N",0.31,1,0.5,3,44.74194,4,63.46,18,10.8,27,1,0.929,0.752,0.49,0.377,0.521,0.482,1.4751879505,"2021-09-03 22:38:53",""
20,"CALIFORNIA RED FIR","N","ABIES","magnifica","","","ABIES MAGNIFICA","ABMA",9,12,NA,NA,2,18,5,3,0.60193,"X","S","N",0.36,1,0.44,3,113.66667,4,20.18182,7,10.8,21,1,0.939,0.471,0.329,0.233,0.521,0.515,2.0276560975,"2021-09-03 22:38:53",""
21,"SHASTA RED FIR","N","ABIES","shastensis","","","ABIES SHASTENSIS","ABSH",9,12,NA,NA,2,18,5,3,0.60193,"X","S","N",0.36,24,0.49,24,84,24,62.43,24,11.76,24,1,0.84,0.71,0.45,0.45,0.521,0.48,1.8102375898,"2021-09-03 22:38:53",""
22,"NOBLE FIR","N","ABIES","procera","","","ABIES PROCERA","ABPR",9,12,NA,NA,2,18,7,3,0.60193,"X","S","N",0.37,1,0.49,3,29.94595,4,63.53061,18,10.8,21,0.995,0.727,0.635,0.405,0.309,0.521,0.508,1.3414840013,"2021-09-03 22:38:53",""
40,"WHITE-CEDAR SPP.","N","CHAMAECYPARIS","spp.","","","CHAMAECYPARIS SP.","CHAMA4",9,24,NA,NA,2,20,220,1,0.63086,"","S","N",0.37,23,0.4,23,77.33,23,92,23,11.58,21,1,0.84,0.71,0.45,0.45,0.521,0.48,1.7896219254,"2021-09-03 22:38:52",""
41,"PORT-ORFORD-CEDAR","N","CHAMAECYPARIS","lawsoniana","","","CHAMAECYPARIS LAWSONIANA","CHLA",9,24,NA,NA,2,18,8,1,0.45789,"","S","N",0.39,1,0.4,7,74,1,64.275,1,11.6,21,0.956,0.827,0.678,0.426,0.366,0.521,0.479,1.729659945,"2021-09-03 22:38:53",""
42,"ALASKA YELLOW-CEDAR","N","CHAMAECYPARIS","nootkatensis","","","CHAMAECYPARIS NOOTKATENSIS","CHNO",9,24,NA,NA,2,18,9,1,0.45789,"X","S","N",0.42,1,0.4,18,71.71429,16,112.35,18,11.6,27,0.956,0.827,0.678,0.426,0.366,0.521,0.478,1.7575695069,"2021-09-03 22:38:53",""
43,"ATLANTIC WHITE-CEDAR","N","CHAMAECYPARIS","thyoides","","","CHAMAECYPARIS THYOIDES","CHTH2",9,24,NA,NA,2,16,59,1,0.63086,"X","S","N",0.31,1,0.4,6,86.09677,16,100.325,7,11.6,21,1,0.84,0.71,0.45,0.45,0.521,0.475,1.879491546,"2021-09-03 22:38:53",""
50,"CYPRESS","N","CUPRESSUS","spp.","","","CUPRESSUS SP.","CUPRE",9,24,52,52,2,10,12,1,0.45789,"","S","N",0.41,26,0.42,26,74.29,26,70.5,26,14.31,26,1,0.84,0.71,0.45,0.45,0.521,0.479,1.7380545286,"2021-09-03 22:38:52",""
51,"ARIZONA CYPRESS","N","CUPRESSUS","arizonica","","","CUPRESSUS ARIZONICA","CUAR",9,24,NA,NA,2,10,12,1,0.45789,"","S","N",0.41,26,0.42,26,74.29,26,70.5,26,14.31,26,0.956,0.827,0.678,0.426,0.366,0.521,0.479,1.7380545286,"2021-09-03 22:38:53",""
52,"BAKER OR MODOC CYPRESS","N","CUPRESSUS","bakeri","","","CUPRESSUS BAKERI","CUBA",9,24,NA,NA,2,10,12,1,0.45789,"","S","N",0.41,26,0.42,26,74.29,26,70.5,26,14.31,26,1,0.84,0.71,0.45,0.45,0.521,0.479,1.7380545286,"2021-09-03 22:38:53",""
53,"TECATE CYPRESS","N","CUPRESSUS","forbesii","","","CUPRESSUS FORBESII","CUFO2",9,24,NA,NA,2,10,12,1,0.45789,"","S","N",0.41,26,0.42,26,74.29,26,70.5,26,14.31,26,1,0.84,0.71,0.45,0.45,0.521,0.479,1.7380545286,"2021-09-03 22:38:53",""
54,"MONTEREY CYPRESS","N","CUPRESSUS","macrocarpa","","","CUPRESSUS MACROCARPA","CUMA2",9,24,NA,NA,2,10,12,1,0.45789,"","S","N",0.41,26,0.42,26,74.29,26,70.5,26,14.31,26,1,0.84,0.71,0.45,0.45,0.521,0.479,1.7380545286,"2021-09-03 22:38:53",""
55,"SARGENT'S CYPRESS","N","CUPRESSUS","sargentii","","","CUPRESSUS SARGENTII","CUSA3",9,24,NA,NA,2,10,12,1,0.45789,"","S","N",0.41,26,0.42,26,74.29,26,70.5,26,14.31,26,1,0.84,0.71,0.45,0.45,0.521,0.479,1.7380545286,"2021-09-03 22:38:53",""
56,"MACNAB'S CYPRESS","N","CUPRESSUS","macnabiana","","","CUPRESSUS MACNABIANA","CUMA",9,24,NA,NA,2,10,12,1,0.63086,"","S","N",0.41,26,0.42,26,74.29,26,70.5,26,14.31,26,1,0.84,0.71,0.45,0.45,0.521,0.479,1.7380545286,"2021-09-03 22:38:53",""
57,"REDCEDAR/JUNIPER SPP.","N","JUNIPERUS","spp.","","","JUNIPERUS SP.","JUNIP",9,23,NA,NA,2,20,220,1,0.63086,"","S","N",0.45,23,0.4,23,36.25,23,60,23,12,21,1,0.84,0.71,0.45,0.45,0.521,0.477,1.3853915663,"2021-09-03 22:38:52",""
58,"PINCHOT JUNIPER","N","JUNIPERUS","pinchotii","","","JUNIPERUS PINCHOTII","JUPI",23,23,NA,NA,2,38,161,10,0.35166,"","S","Y",0.45,24,0.4,24,36.25,24,60,24,12,24,0.944,0.734,0.583,0.37,0.282,0.521,0.477,1.3853915663,"2021-09-03 22:38:53",""
59,"REDBERRY JUNIPER","N","JUNIPERUS","coahuilensis","","","JUNIPERUS COAHUILENSIS","JUCO11",23,23,NA,NA,2,38,161,10,0.35166,"","S","Y",0.45,24,0.4,24,36.25,24,60,24,12,24,0.944,0.734,0.583,0.37,0.282,0.521,0.477,1.3853915663,"2021-09-03 22:38:53",""
60,"DROOPING JUNIPER","N","JUNIPERUS","flaccida","","","JUNIPERUS FLACCIDA","JUFL",23,23,NA,NA,2,20,161,10,0.35166,"","S","Y",0.45,24,0.4,24,36.25,24,60,24,12,24,1,0.84,0.71,0.45,0.45,0.521,0.481,1.3853915663,"2021-09-03 22:38:53",""
61,"ASHE JUNIPER","N","JUNIPERUS","ashei","","","JUNIPERUS ASHEI","JUAS",23,23,NA,NA,2,20,161,10,0.63086,"","S","Y",0.45,24,0.4,24,36.25,24,60,24,12,24,1,0.84,0.71,0.45,0.45,0.521,0.477,1.3853915663,"2021-09-03 22:38:53",""
62,"CALIFORNIA JUNIPER","N","JUNIPERUS","californica","","","JUNIPERUS CALIFORNICA","JUCA7",23,23,NA,NA,2,38,161,10,0.35166,"","S","Y",0.45,24,0.4,24,36.25,24,60,24,12,24,0.944,0.734,0.583,0.37,0.282,0.521,0.477,1.3853915663,"2021-09-03 22:38:53",""
63,"ALLIGATOR JUNIPER","N","JUNIPERUS","deppeana","","","JUNIPERUS DEPPEANA","JUDE2",23,23,NA,NA,2,38,161,10,0.35166,"","S","Y",0.48,12,0.4,22,33.54167,20,60.25,22,12,21,0.944,0.734,0.583,0.37,0.282,0.521,0.476,1.359697,"2021-09-03 22:38:53",""
64,"WESTERN JUNIPER","N","JUNIPERUS","occidentalis","","","JUNIPERUS OCCIDENTALIS","JUOC",9,24,NA,NA,2,38,38,1,0.45789,"","S","N",0.45,24,0.4,24,36.25,24,60,24,12,24,0.956,0.827,0.678,0.426,0.366,0.521,0.48,1.3853915663,"2021-09-03 22:38:53",""
65,"UTAH JUNIPER","N","JUNIPERUS","osteosperma","","","JUNIPERUS OSTEOSPERMA","JUOS",23,23,NA,NA,2,38,161,10,0.35166,"","S","Y",0.68,10,0.4,22,35,22,60.25,22,12,21,0.944,0.734,0.583,0.37,0.282,0.521,0.469,1.3666483516,"2021-09-03 22:38:53",""
66,"ROCKY MOUNTAIN JUNIPER","N","JUNIPERUS","scopulorum","","","JUNIPERUS SCOPULORUM","JUSC2",23,23,NA,NA,2,38,63,10,0.35166,"","S","Y",0.45,24,0.4,24,36.25,24,60,24,12,24,0.944,0.734,0.583,0.37,0.282,0.521,0.477,1.3853915663,"2021-09-03 22:38:53",""
67,"SOUTHERN REDCEDAR","N","JUNIPERUS","virginiana","silicicola","","JUNIPERUS VIRGINIANA VAR. SILICICOLA","JUVIS",9,24,NA,NA,2,20,64,1,0.63086,"","S","N",0.42,12,0.4,22,41.16667,22,60.25,22,12,21,0.944,0.734,0.583,0.37,0.282,0.521,0.521,1.4312393462,"2021-09-03 22:38:55",""
68,"EASTERN REDCEDAR","N","JUNIPERUS","virginiana","","","JUNIPERUS VIRGINIANA","JUVI",9,24,NA,NA,2,20,64,1,0.63086,"X","S","N",0.44,1,0.4,8,34.75,16,60.25,22,12,32,0.944,0.734,0.583,0.37,0.282,0.521,0.521,1.3725819672,"2021-09-03 22:38:53",""
69,"ONESEED JUNIPER","N","JUNIPERUS","monosperma","","","JUNIPERUS MONOSPERMA","JUMO",23,23,NA,NA,2,38,161,10,0.35166,"","S","Y",0.45,24,0.4,24,36.25,24,60,24,12,24,0.956,0.827,0.678,0.426,0.366,0.521,0.477,1.3853915663,"2021-09-03 22:38:53",""
70,"LARCH SPP.","N","LARIX","spp.","","","LARIX SP.","LARIX",9,24,NA,NA,2,1,73,1,0.63086,"X","S","N",0.49,23,0.32,23,57,23,81.5,23,14,21,1,0.84,0.71,0.45,0.45,0.521,0.476,1.5905235602,"2021-09-03 22:38:52",""
71,"TAMARACK","N","LARIX","laricina","","","LARIX LARICINA","LALA",9,24,NA,NA,2,1,65,1,0.63086,"X","S","N",0.49,1,0.3,8,53.71429,4,97.63333,12,14,32,0.956,0.827,0.678,0.426,0.366,0.521,0.476,1.5718158263,"2021-09-03 22:38:53",""
72,"SUBALPINE LARCH","N","LARIX","lyallii","","","LARIX LYALLII","LALY",9,24,NA,NA,2,2,40,1,0.45789,"","S","N",0.49,24,0.32,24,57,24,81.5,24,14,24,0.956,0.827,0.678,0.426,0.366,0.521,0.476,1.5905235602,"2021-09-03 22:38:53",""
73,"WESTERN LARCH","N","LARIX","occidentalis","","","LARIX OCCIDENTALIS","LAOC",9,19,NA,NA,2,2,13,1,0.79964,"X","S","N",0.48,1,0.33,4,60.25,4,65.12121,12,14,21,0.956,0.827,0.678,0.426,0.366,0.521,0.476,1.6067768891,"2021-09-03 22:38:53",""
74,"JAPANESE LARCH","N","LARIX","kaempferi","","","LARIX KAEMPFERI","LAKA2",56,56,NA,NA,2,20,73,1,0.63086,"","?","N",0.49,23,0.32,23,57,23,81.5,23,14,21,1,0.84,0.71,0.45,0.45,0.521,0.481,2,"2021-09-03 22:38:53",""
75,"SIBERIAN LARCH","N","LARIX","sibirica","","","LARIX SIBIRICA","LASI3",56,56,NA,NA,2,20,73,1,0.63086,"","?","N",0.49,23,0.32,23,57,23,81.5,23,14,21,1,0.84,0.71,0.45,0.45,0.521,0.476,2,"2021-09-03 22:38:53",""
81,"INCENSE-CEDAR","N","CALOCEDRUS","decurrens","","","CALOCEDRUS DECURRENS","CADE27",9,20,NA,NA,2,18,10,1,0.5884,"X","S","N",0.35,1,0.25,3,106.05714,7,28.2,7,17,21,1,0.84,0.71,0.45,0.45,0.521,0.538,1.9762674904,"2021-09-03 22:38:53",""
90,"SPRUCE SPP.","N","PICEA","spp.","","","PICEA SP.","PICEA",6,18,NA,NA,2,1,220,5,0.60817,"","S","N",0.36,23,0.44,23,59.2,23,80.6,23,12.56,31,1,0.84,0.71,0.45,0.45,0.521,0.48,1.6204794637,"2021-09-03 22:38:52",""
91,"NORWAY SPRUCE","N","PICEA","abies","","","PICEA ABIES","PIAB",9,18,NA,NA,2,1,72,5,0.63086,"X","S","N",0.36,24,0.44,24,59.2,24,80.6,24,12.56,24,0.998,0.858,0.745,0.426,0.347,0.521,0.478,1.6204794637,"2021-09-03 22:38:53",""
92,"BREWER SPRUCE","N","PICEA","breweriana","","","PICEA BREWERIANA","PIBR",9,18,NA,NA,2,18,40,5,0.44215,"","S","N",0.36,24,0.44,24,59.2,24,80.6,24,12.56,24,0.998,0.858,0.745,0.426,0.347,0.521,0.48,1.6204794637,"2021-09-03 22:38:53",""
93,"ENGELMANN SPRUCE","N","PICEA","engelmannii","","","PICEA ENGELMANNII","PIEN",9,18,NA,NA,2,1,14,5,0.44215,"X","S","N",0.33,1,0.51,4,89.39394,4,79.11765,12,11.2,27,0.916,0.782,0.745,0.355,0.347,0.521,0.481,1.8787766162,"2021-09-03 22:38:53",""
94,"WHITE SPRUCE","N","PICEA","glauca","","","PICEA GLAUCA","PIGL",6,18,NA,NA,2,1,16,5,0.60817,"X","S","N",0.37,1,0.39,4,51.59459,4,76.69231,7,13,21,0.998,0.858,0.745,0.426,0.347,0.521,0.512,1.5461920232,"2021-09-03 22:38:53",""
95,"BLACK SPRUCE","N","PICEA","mariana","","","PICEA MARIANA","PIMA",6,18,NA,NA,2,3,17,5,0.60817,"X","S","N",0.38,1,0.42,4,47.60526,4,90.78571,12,13,21,0.998,0.858,0.745,0.426,0.347,0.521,0.48,1.5303013936,"2021-09-03 22:38:53",""
96,"BLUE SPRUCE","N","PICEA","pungens","","","PICEA PUNGENS","PIPU",9,18,NA,NA,2,1,15,5,0.44215,"X","S","N",0.36,24,0.44,24,59.2,24,80.6,24,12.56,24,0.998,0.858,0.745,0.426,0.347,0.521,0.48,1.6204794637,"2021-09-03 22:38:53",""
97,"RED SPRUCE","N","PICEA","rubens","","","PICEA RUBENS","PIRU",6,18,NA,NA,2,1,58,5,0.60817,"X","S","N",0.37,1,0.32,6,47.27027,4,75.28125,22,13,21,1,0.858,0.832,0.426,0.347,0.521,0.48,1.5010131171,"2021-09-03 22:38:53",""
98,"SITKA SPRUCE","N","PICEA","sitchensis","","","PICEA SITCHENSIS","PISI",9,17,NA,NA,2,18,18,5,0.46288,"X","S","N",0.33,1,0.55,3,60.24242,4,80.65455,18,12.5,27,1,0.868,0.74,0.476,0.385,0.521,0.5,1.6376175276,"2021-09-03 22:38:53",""
100,"PINE SPP.","N","PINUS","spp.","","","PINUS SP.","PINUS",9,24,51,52,1,20,220,4,0.63086,"","S","N",0.43,23,0.4,23,76.13,23,68.38,23,16.13,21,1,0.84,0.71,0.45,0.45,0.521,0.478,1.7511885788,"2021-09-03 22:38:52",""
101,"WHITEBARK PINE","N","PINUS","albicaulis","","","PINUS ALBICAULIS","PIAL",9,24,NA,NA,1,10,19,4,0.45789,"X","S","N",0.43,24,0.4,24,76.13,24,68.38,24,16.13,24,0.916,0.826,0.697,0.421,0.407,0.521,0.478,1.7511885788,"2021-09-03 22:38:53",""
102,"ROCKY MOUNTAIN BRISTLECONE PINE","N","PINUS","aristata","","","PINUS ARISTATA","PIAR",9,24,NA,NA,1,10,20,4,0.45789,"","S","N",0.43,24,0.4,24,76.13,24,68.38,24,16.13,24,0.916,0.826,0.697,0.421,0.407,0.521,0.478,1.7511885788,"2021-09-03 22:38:53",""
103,"KNOBCONE PINE","N","PINUS","attenuata","","","PINUS ATTENUATA","PIAT",9,24,NA,NA,1,8,21,4,0.45789,"","S","N",0.39,7,0.38,7,105.46154,22,68.68421,22,12,30,0.916,0.826,0.697,0.421,0.407,0.521,0.479,2.0161157157,"2021-09-03 22:38:53",""
104,"FOXTAIL PINE","N","PINUS","balfouriana","","","PINUS BALFOURIANA","PIBA",9,24,NA,NA,1,8,20,4,0.45789,"X","S","N",0.43,24,0.4,24,76.13,24,68.38,24,16.13,24,0.916,0.826,0.697,0.421,0.407,0.521,0.478,1.7511885788,"2021-09-03 22:38:53",""
105,"JACK PINE","N","PINUS","banksiana","","","PINUS BANKSIANA","PIBA2",5,24,NA,NA,1,4,41,4,0.6432,"X","S","N",0.4,1,0.41,4,100.325,4,91.53659,12,14,35,0.916,0.826,0.697,0.421,0.407,0.521,0.479,1.9922212564,"2021-09-03 22:38:53",""
106,"COMMON OR TWO-NEEDLE PINYON","N","PINUS","edulis","","","PINUS EDULIS","PIED",23,23,NA,NA,1,38,162,10,0.35166,"","S","Y",0.5,12,0.4,22,28.2,22,60.25,22,13.4,21,0.916,0.826,0.697,0.421,0.407,0.521,0.476,1.3130310694,"2021-09-03 22:38:53",""
107,"SAND PINE","N","PINUS","clausa","","","PINUS CLAUSA","PICL",3,24,NA,NA,1,4,44,4,1.01056,"X","S","N",0.46,1,0.45,6,32.3913,4,88.75556,12,15,33,0.916,0.826,0.697,0.421,0.407,0.521,0.477,1.3960378825,"2021-09-03 22:38:53",""
108,"LODGEPOLE PINE","N","PINUS","contorta","","","PINUS CONTORTA","PICO",9,21,NA,NA,1,5,23,4,0.88314,"X","S","N",0.38,1,0.38,4,64.47368,4,64.47368,12,8.9,27,0.977,0.956,0.809,0.512,0.432,0.521,0.503,1.6447368,"2021-09-03 22:38:53",""
109,"COULTER PINE","N","PINUS","coulteri","","","PINUS COULTERI","PICO3",9,24,NA,NA,1,10,24,4,0.45789,"X","S","N",0.43,24,0.4,24,76.13,24,68.38,24,16.13,24,1,0.84,0.71,0.45,0.45,0.521,0.478,1.7511885788,"2021-09-03 22:38:53",""
110,"SHORTLEAF PINE","N","PINUS","echinata","","","PINUS ECHINATA","PIEC2",2,24,NA,NA,1,6,45,4,0.76331,"X","S","N",0.47,1,0.35,4,77.29787,4,60.25714,22,16,33,1,0.84,0.71,0.45,0.45,0.521,0.477,1.7548364779,"2021-09-03 22:38:53",""
111,"SLASH PINE","N","PINUS","elliottii","","","PINUS ELLIOTTII","PIEL",1,24,NA,NA,1,7,46,4,0.92212,"X","S","N",0.54,1,0.35,4,72.12963,4,87.74286,12,18,33,0.916,0.826,0.697,0.421,0.407,0.521,0.513,1.7376086299,"2021-09-03 22:38:53",""
112,"APACHE PINE","N","PINUS","engelmannii","","","PINUS ENGELMANNII","PIEN2",9,24,NA,NA,1,10,40,4,0.45789,"X","S","N",0.43,24,0.4,24,76.13,24,68.38,24,16.13,24,0.916,0.826,0.745,0.421,0.347,0.521,0.502,1.7511885788,"2021-09-03 22:38:53",""
113,"LIMBER PINE","N","PINUS","flexilis","","","PINUS FLEXILIS","PIFL2",9,24,NA,NA,1,10,25,4,0.45789,"","S","N",0.37,12,0.5,22,94.91892,22,12.18,22,13.4,21,1,0.84,0.71,0.45,0.45,0.521,0.48,1.8223354783,"2021-09-03 22:38:53",""
114,"SOUTHWESTERN WHITE PINE ","N","PINUS","strobiformis","","","PINUS STROBIFORMIS","PIST3",9,24,NA,NA,1,10,22,4,0.45789,"","S","N",0.43,24,0.4,24,76.13,24,68.38,24,16.13,24,1,0.84,0.71,0.45,0.45,0.521,0.47,1.7511885788,"2021-09-03 22:38:53",""
115,"SPRUCE PINE","N","PINUS","glabra","","","PINUS GLABRA","PIGL2",3,24,NA,NA,1,4,47,4,1.01056,"","S","N",0.41,1,0.45,6,75.90244,22,24.64444,22,13.4,21,0.998,0.858,0.745,0.426,0.347,0.521,0.479,1.6933034262,"2021-09-03 22:38:53",""
116,"JEFFREY PINE","N","PINUS","jeffreyi","","","PINUS JEFFREYI","PIJE",9,11,NA,NA,1,10,36,4,0.43374,"X","S","N",0.37,7,0.36,7,103.56757,4,33.55556,12,25.6,21,0.869,0.835,0.664,0.454,0.407,0.521,0.519,1.8960637292,"2021-09-03 22:38:53",""
117,"SUGAR PINE","N","PINUS","lambertiana","","","PINUS LAMBERTIANA","PILA",9,14,NA,NA,1,10,27,4,0.55715,"X","S","N",0.34,1,0.35,3,130,1,87.74286,12,25.6,21,1,0.788,0.553,0.364,0.407,0.521,0.481,2.2118659277,"2021-09-03 22:38:53",""
118,"CHIHUAHUAN PINE","N","PINUS","leiophylla","","","PINUS LEIOPHYLLA","PILE",9,24,NA,NA,1,10,40,4,0.45789,"","S","N",0.43,24,0.4,24,76.13,24,68.38,24,16.13,24,1,0.84,0.71,0.45,0.45,0.521,0.494,1.7511885788,"2021-09-03 22:38:53",""
119,"WESTERN WHITE PINE","N","PINUS","monticola","","","PINUS MONTICOLA","PIMO3",9,15,NA,NA,1,8,28,4,0.57387,"X","S","N",0.36,1,0.47,4,55.80556,4,84.12766,18,12.6,27,0.983,0.866,0.88,0.421,0.407,0.521,0.48,1.5980640624,"2021-09-03 22:38:53",""
120,"BISHOP PINE","N","PINUS","muricata","","","PINUS MURICATA","PIMU",9,24,NA,NA,1,10,6,4,0.45789,"X","S","N",0.45,7,0.45,7,60.26667,22,42.44444,22,22,21,0.916,0.826,0.697,0.421,0.407,0.521,0.477,1.5705282525,"2021-09-03 22:38:53",""
121,"LONGLEAF PINE","N","PINUS","palustris","","","PINUS PALUSTRIS","PIPA2",1,24,NA,NA,1,9,48,4,0.92212,"X","S","N",0.54,1,0.45,4,63.22222,4,88.75556,12,14,33,1,0.84,0.71,0.45,0.45,0.521,0.474,1.6588988239,"2021-09-03 22:38:53",""
122,"PONDEROSA PINE","N","PINUS","ponderosa","","","PINUS PONDEROSA","PIPO",9,11,NA,NA,1,10,26,4,0.43374,"X","S","N",0.38,1,0.35,4,89.78947,4,32.77143,12,25.6,27,0.889,0.876,0.868,0.339,0.495,0.521,0.513,1.7891038911,"2021-09-03 22:38:53",""
123,"TABLE MOUNTAIN PINE","N","PINUS","pungens","","","PINUS PUNGENS","PIPU5",3,24,NA,NA,1,4,49,4,1.01056,"","S","N",0.49,12,0.45,22,76.61224,22,60.26667,22,13.4,21,1,0.84,0.71,0.45,0.45,0.521,0.476,1.748211481,"2021-09-03 22:38:53",""
124,"MONTEREY PINE","N","PINUS","radiata","","","PINUS RADIATA","PIRA2",9,24,NA,51,1,10,29,4,0.45789,"","S","N",0.4,12,0.4,22,100.02496,22,60.25,22,13.4,21,1,0.84,0.71,0.45,0.45,0.521,0.479,1.9532492063,"2021-09-03 22:38:53",""
125,"RED PINE","N","PINUS","resinosa","","","PINUS RESINOSA","PIRE",4,24,NA,NA,1,11,42,4,0.72911,"X","S","N",0.41,1,0.27,4,64.17073,4,89.92593,22,16,32,0.829,0.826,0.659,0.366,0.268,0.521,0.533,1.6662577113,"2021-09-03 22:38:53",""
126,"PITCH PINE","N","PINUS","rigida","","","PINUS RIGIDA","PIRI",3,24,NA,NA,1,4,50,4,1.01056,"","S","N",0.47,1,0.34,3,70.48936,4,88.52941,12,13.4,21,0.916,0.826,0.697,0.421,0.407,0.521,0.477,1.7208355792,"2021-09-03 22:38:53",""
127,"GRAY OR CALIFORNIA FOOTHILL PINE","N","PINUS","sabiniana","","","PINUS SABINIANA","PISA2",9,24,NA,NA,1,38,163,4,0.45789,"","S","N",0.4,7,0.4,7,80.3,22,60.25,22,22,30,1,0.84,0.71,0.45,0.45,0.521,0.479,1.7668442623,"2021-09-03 22:38:53",""
128,"POND PINE","N","PINUS","serotina","","","PINUS SEROTINA","PISE",3,24,NA,NA,1,12,51,4,1.01056,"X","S","N",0.51,1,0.33,22,60.2549,22,94.24242,22,13.4,21,0.916,0.826,0.697,0.421,0.407,0.521,0.475,1.6296668978,"2021-09-03 22:38:53",""
129,"EASTERN WHITE PINE","N","PINUS","strobus","","","PINUS STROBUS","PIST",4,24,NA,NA,1,13,53,4,0.72911,"X","S","N",0.34,1,0.47,4,64.97059,22,70.48936,22,16,35,0.916,0.826,0.697,0.421,0.407,0.521,0.507,1.6597013601,"2021-09-03 22:38:53",""
130,"SCOTCH PINE","N","PINUS","sylvestris","","","PINUS SYLVESTRIS","PISY",3,24,NA,NA,1,4,71,4,1.01056,"X","S","N",0.43,24,0.4,24,76.13,24,68.38,24,16.13,24,0.916,0.826,0.697,0.421,0.407,0.521,0.471,1.7511885788,"2021-09-03 22:38:53",""
131,"LOBLOLLY PINE","N","PINUS","taeda","","","PINUS TAEDA","PITA",2,24,NA,51,1,14,52,4,0.76331,"X","S","N",0.47,1,0.33,4,80.7234,4,99.12121,12,16.6,29,0.829,0.682,0.55,0.423,0.421,0.521,0.477,1.8264388484,"2021-09-03 22:38:53",""
132,"VIRGINIA PINE","N","PINUS","virginiana","","","PINUS VIRGINIANA","PIVI2",3,24,NA,NA,1,4,54,4,1.01056,"X","S","N",0.45,1,0.54,4,78.06667,22,89.92593,22,13.4,21,1,0.84,0.71,0.45,0.45,0.521,0.477,1.7970947583,"2021-09-03 22:38:53",""
133,"SINGLELEAF PINYON","N","PINUS","monophylla","","","PINUS MONOPHYLLA","PIMO",23,23,NA,NA,1,38,162,10,0.35166,"","S","Y",0.43,24,0.4,24,76.13,24,68.38,24,16.13,24,0.916,0.826,0.697,0.421,0.407,0.521,0.478,1.7511885788,"2021-09-03 22:38:53",""
134,"BORDER PINYON","N","PINUS","discolor","","","PINUS DISCOLOR","PIDI3",23,23,NA,NA,1,38,162,10,0.35166,"","S","Y",0.43,24,0.4,24,76.13,24,68.38,24,16.13,24,1,0.84,0.71,0.45,0.45,0.521,0.478,1.7511885788,"2021-09-03 22:38:53",""
135,"ARIZONA PINE","N","PINUS","arizonica","","","PINUS ARIZONICA","PIAR5",9,11,NA,NA,1,10,26,4,0.43374,"X","S","N",0.43,24,0.4,24,76.13,24,68.38,24,16.13,24,1,0.84,0.71,0.45,0.45,0.521,0.478,1.7511885788,"2021-09-03 22:38:53",""
136,"AUSTRIAN PINE","N","PINUS","nigra","","","PINUS NIGRA","PINI",9,24,NA,NA,1,20,70,4,0.63086,"","S","N",0.43,24,0.4,24,76.13,24,68.38,24,16.13,24,1,0.84,0.71,0.45,0.45,0.521,0.528,1.7511885788,"2021-09-03 22:38:53",""
137,"WASHOE PINE","N","PINUS","washoensis","","","PINUS WASHOENSIS","PIWA",9,24,NA,NA,1,10,40,4,0.45789,"","S","N",0.43,24,0.4,24,76.13,24,68.38,24,16.13,24,1,0.84,0.71,0.45,0.45,0.521,0.478,1.7511885788,"2021-09-03 22:38:53",""
138,"FOUR-LEAF OR PARRY PINYON PINE","N","PINUS","quadrifolia","","","PINUS QUADRIFOLIA","PIQU",23,23,NA,NA,1,38,162,10,0.45789,"","S","Y",0.43,24,0.4,24,76.13,24,68.38,24,16.13,24,1,0.84,0.71,0.45,0.45,0.521,0.473,1.7511885788,"2021-09-03 22:38:53",""
139,"TORREY PINE","N","PINUS","torreyana","","","PINUS TORREYANA","PITO",9,24,NA,NA,1,10,40,4,0.45789,"","S","N",0.43,24,0.4,24,76.13,24,68.38,24,16.13,24,1,0.84,0.71,0.45,0.45,0.521,0.478,1.7511885788,"2021-09-03 22:38:53",""
140,"MEXICAN PINYON PINE","N","PINUS","cembroides","","","PINUS CEMBROIDES","PICE",23,23,NA,NA,1,38,162,10,0.35166,"","S","Y",0.43,24,0.4,24,76.13,24,68.38,24,16.13,24,1,0.84,0.71,0.45,0.45,0.521,0.485,1.7511885788,"2021-09-03 22:38:53",""
141,"PAPERSHELL PINYON PINE","N","PINUS","remota","","","PINUS REMOTA","PIRE5",23,23,NA,NA,1,38,162,10,0.35166,"","S","Y",0.43,24,0.4,24,76.13,24,68.38,24,16.13,24,1,0.84,0.71,0.45,0.45,0.521,0.478,1.7511885788,"2021-09-03 22:38:53",""
142,"GREAT BASIN BRISTLECONE PINE","N","PINUS","longaeva","","","PINUS LONGAEVA","PILO",9,24,NA,NA,1,10,20,4,0.45789,"","S","N",0.43,24,0.4,24,76.13,24,68.38,24,16.13,24,1,0.84,0.71,0.45,0.45,0.521,0.478,1.7511885788,"2021-09-03 22:38:53",""
143,"ARIZONA PINYON PINE","N","PINUS","monophylla","fallax","","PINUS MONOPHYLLA VAR. FALLAX","PIMOF",23,23,NA,NA,1,38,162,10,0.35166,"","S","Y",0.43,24,0.4,24,76.13,24,68.38,24,16.13,24,1,0.84,0.71,0.45,0.45,0.521,0.478,1.7511885788,"2021-09-03 22:38:55",""
144,"HONDURAS PINE","N","PINUS","elliottii","elliottii","","PINUS ELLIOTTII VAR. ELLIOTTII","PIELE2",9,24,NA,NA,1,7,228,4,0.63086,"","S","N",0.43,24,0.4,24,76.13,24,68.38,24,16.13,24,1,0.84,0.71,0.45,0.45,0.521,0.513,1.7511885788,"2021-09-03 22:38:55",""
200,"DOUGLAS-FIR SPP.","N","PSEUDOTSUGA","spp.","","","PSEUDOTSUGA SP.","PSEUD7",9,10,NA,NA,2,15,220,2,0.63086,"","S","N",0.45,23,0.44,23,35,23,89,23,17.34,21,1,0.84,0.71,0.45,0.45,0.521,0.477,1.4282826394,"2021-09-03 22:38:52",""
201,"BIGCONE DOUGLAS-FIR","N","PSEUDOTSUGA","macrocarpa","","","PSEUDOTSUGA MACROCARPA","PSMA",9,10,NA,NA,2,15,30,2,0.45789,"X","S","N",0.45,24,0.44,24,35,24,89,24,17.34,24,0.858,0.723,0.444,0.305,0.329,0.521,0.477,1.4282826394,"2021-09-03 22:38:53",""
202,"DOUGLAS-FIR","N","PSEUDOTSUGA","menziesii","","","PSEUDOTSUGA MENZIESII","PSME",9,10,NA,NA,2,15,31,2,0.52566,"X","S","N",0.45,1,0.44,9,35.33333,4,89.38636,12,17.3,27,0.858,0.723,0.444,0.305,0.329,0.521,0.516,1.4315382085,"2021-09-03 22:38:53",""
211,"REDWOOD","N","SEQUOIA","sempervirens","","","SEQUOIA SEMPERVIRENS","SESE3",9,16,NA,52,2,19,32,1,0.40997,"X","S","N",0.36,1,0.43,3,122.58333,4,15.53488,7,18,30,1,0.84,0.71,0.45,0.45,0.521,0.531,2.0364060016,"2021-09-03 22:38:53",""
212,"GIANT SEQUOIA","N","SEQUOIADENDRON","giganteum","","","SEQUOIADENDRON GIGANTEUM","SEGI2",9,24,NA,NA,2,19,33,1,0.45789,"","S","N",0.34,7,0.34,7,178.08824,7,17.82353,22,18,21,1,0.84,0.71,0.45,0.45,0.521,0.538,2.5364108085,"2021-09-03 22:38:53",""
220,"BALDCYPRESS SPP.","N","TAXODIUM","spp.","","","TAXODIUM SP.","TAXOD",9,24,NA,NA,2,31,229,1,0.63086,"","S","N",0.42,23,0.5,23,95,23,99,23,20,21,1,0.84,0.71,0.45,0.45,0.521,0.478,1.9576923077,"2021-09-03 22:38:52",""
221,"BALDCYPRESS","N","TAXODIUM","distichum","","","TAXODIUM DISTICHUM","TADI2",8,24,NA,NA,2,31,61,1,0.95175,"","S","N",0.42,1,0.5,3,94.59524,16,98.72,22,20,33,1,0.84,0.71,0.45,0.45,0.521,0.478,1.9538846308,"2021-09-03 22:38:53",""
222,"PONDCYPRESS","N","TAXODIUM","ascendens","","","TAXODIUM ASCENDENS","TAAS",8,24,NA,NA,2,31,229,1,0.95175,"","S","N",0.42,24,0.5,24,95,24,99,24,20,24,1,0.84,0.71,0.45,0.45,0.521,0.478,1.9576923077,"2021-09-03 22:38:53",""
223,"MONTEZUMA BALDCYPRESS","N","TAXODIUM","mucronatum","","","TAXODIUM MUCRONATUM","TAMU",8,24,52,NA,2,31,61,1,0.95175,"","S","N",0.42,24,0.5,24,95,24,99,24,20,24,1,0.84,0.71,0.45,0.45,0.521,0.453,1.9576923077,"2021-09-03 22:38:53",""
230,"YEW SPP.","N","TAXUS","spp.","","","TAXUS SP.","TAXUS",9,24,NA,NA,2,18,220,3,0.63086,"","S","N",0.6,23,0.59,23,47,23,98,23,4,21,1,0.84,0.71,0.45,0.45,0.521,0.472,1.4893008339,"2021-09-03 22:38:52",""
231,"PACIFIC YEW","N","TAXUS","brevifolia","","","TAXUS BREVIFOLIA","TABR2",9,24,NA,NA,2,18,40,3,0.45789,"X","S","N",0.6,12,0.59,7,46.9,7,98.28814,7,4,30,1,0.84,0.71,0.45,0.45,0.521,0.472,1.4884477246,"2021-09-03 22:38:53",""
232,"FLORIDA YEW","N","TAXUS","floridana","","","TAXUS FLORIDANA","TAFL",9,24,NA,NA,2,18,39,3,0.63086,"","S","N",0.6,24,0.59,24,47,24,98,24,4,24,1,0.84,0.71,0.45,0.45,0.521,0.472,1.4893008339,"2021-09-03 22:38:53",""
240,"THUJA SPP.","N","THUJA","spp.","","","THUJA SP.","THUJA",9,24,52,NA,2,16,220,1,0.63086,"","S","N",0.3,23,0.4,23,69.5,23,73.5,23,12.47,21,1,0.84,0.71,0.45,0.45,0.521,0.483,1.7007025266,"2021-09-03 22:38:52",""
241,"NORTHERN WHITE-CEDAR","N","THUJA","occidentalis","","","THUJA OCCIDENTALIS","THOC2",9,24,NA,NA,2,16,60,1,0.63086,"X","S","N",0.29,1,0.42,3,98.93103,8,90.78571,22,14,35,1,0.84,0.71,0.45,0.45,0.521,0.501,1.9755790839,"2021-09-03 22:38:53",""
242,"WESTERN REDCEDAR","N","THUJA","plicata","","","THUJA PLICATA","THPL",9,22,NA,NA,2,18,11,1,0.7049,"X","S","N",0.31,1,0.37,4,39.58065,4,55.91892,18,10.6,27,1,0.835,0.8,0.462,0.461,0.521,0.504,1.4141555908,"2021-09-03 22:38:53",""
250,"TORREYA (NUTMEG) SPP.","N","TORREYA","spp.","","","TORREYA SP.","TORRE",9,24,NA,NA,2,18,220,3,0.63086,"","S","N",0.41,26,0.42,26,74.29,26,70.5,26,14.31,26,1,0.84,0.71,0.45,0.45,0.521,0.479,1.7380545286,"2021-09-03 22:38:52",""
251,"CALIFORNIA TORREYA (NUTMEG)","N","TORREYA","californica","","","TORREYA CALIFORNICA","TOCA",9,24,NA,NA,2,18,40,3,0.45789,"","S","N",0.41,26,0.42,26,74.29,26,70.5,26,14.31,26,0.956,0.827,0.678,0.426,0.366,0.521,0.479,1.7380545286,"2021-09-03 22:38:53",""
252,"FLORIDA TORREYA (NUTMEG)","N","TORREYA","taxifolia","","","TORREYA TAXIFOLIA","TOTA",9,24,NA,NA,2,18,39,3,0.63086,"","S","N",0.41,26,0.42,26,74.29,26,70.5,26,14.31,26,1,0.84,0.71,0.45,0.45,0.521,0.479,1.7380545286,"2021-09-03 22:38:53",""
260,"HEMLOCK SPP.","N","TSUGA","spp.","","","TSUGA SP.","TSUGA",7,24,NA,NA,2,17,220,3,0.62759,"","S","N",0.41,23,0.46,23,78.33,23,97.67,23,16.18,21,1,0.84,0.71,0.45,0.45,0.521,0.479,1.8130141685,"2021-09-03 22:38:52",""
261,"EASTERN HEMLOCK","N","TSUGA","canadensis","","","TSUGA CANADENSIS","TSCA",7,24,NA,NA,2,17,66,3,0.62759,"X","S","N",0.38,1,0.46,3,110.86842,4,98.58696,12,17,35,0.995,0.767,0.813,0.425,0.333,0.521,0.48,2.0877236986,"2021-09-03 22:38:53",""
262,"CAROLINA HEMLOCK","N","TSUGA","caroliniana","","","TSUGA CAROLINIANA","TSCA2",7,24,NA,NA,2,17,66,3,0.62759,"","S","N",0.41,24,0.46,24,78.33,24,97.67,24,16.18,24,0.916,0.767,0.681,0.425,0.333,0.521,0.479,1.8130141685,"2021-09-03 22:38:53",""
263,"WESTERN HEMLOCK","N","TSUGA","heterophylla","","","TSUGA HETEROPHYLLA","TSHE",9,13,NA,NA,2,18,34,3,0.67063,"X","S","N",0.42,1,0.5,9,56.45238,4,101.92,18,15.8,27,0.89,0.767,0.636,0.425,0.332,0.521,0.507,1.6365066052,"2021-09-03 22:38:53",""
264,"MOUNTAIN HEMLOCK","N","TSUGA","mertensiana","","","TSUGA MERTENSIANA","TSME",9,24,NA,NA,2,18,35,3,0.45789,"X","S","N",0.42,1,0.41,3,67.88095,4,91.53659,22,15.8,21,0.916,0.767,0.681,0.425,0.333,0.521,0.478,1.7104199699,"2021-09-03 22:38:53",""
299,"UNKNOWN DEAD CONIFER","N","TREE","evergreen","","","TREE EVERGREEN","2TE",9,24,52,52,2,20,220,4,0.45789,"","S","N",0.41,26,0.42,26,74.29,26,70.5,26,14.31,26,1,0.84,0.71,0.45,0.45,0.521,0.479,1.7380545286,"2021-09-03 22:38:53",""
300,"ACACIA SPP.","N","ACACIA","spp.","","","ACACIA SP.","ACACI",48,48,54,54,3,38,160,10,0.65075,"","H","Y",0.52,26,0.53,26,75.13,26,80.49,26,15.16,26,1,0.84,0.71,0.45,0.45,0.491,0.475,2,"2021-09-03 22:38:52","2024-01-25 07:46:08"
303,"SWEET ACACIA","N","ACACIA","farnesiana","","","ACACIA FARNESIANA","ACFA",48,48,54,54,3,38,160,10,0.84031,"","H","Y",0.52,26,0.53,26,75.13,26,80.49,26,15.16,26,1,0.78,0.45,0.42,0.42,0.491,0.475,1.758473594,"2021-09-03 22:38:53",""
304,"CATCLAW ACACIA","N","ACACIA","greggii","","","ACACIA GREGGII","ACGR",48,48,NA,NA,3,38,160,10,0.84031,"","H","Y",0.52,26,0.53,26,75.13,26,80.49,26,15.16,26,1,0.78,0.45,0.42,0.42,0.491,0.454,1.758473594,"2021-09-03 22:38:53",""
310,"MAPLE SPP.","N","ACER","spp.","","","ACER SP.","ACER",31,47,NA,NA,4,37,221,7,0.84103,"","H","N",0.47,23,0.53,23,70.29,23,90.57,23,10.88,21,1,0.84,0.71,0.45,0.45,0.491,0.477,1.7250623215,"2021-09-03 22:38:52",""
311,"FLORIDA MAPLE","N","ACER","barbatum","","","ACER BARBATUM","ACBA3",31,47,NA,NA,4,25,151,7,0.84103,"","H","N",0.47,24,0.53,24,70.29,24,90.57,24,10.88,24,1,0.84,0.71,0.45,0.45,0.491,0.477,1.7250623215,"2021-09-03 22:38:53",""
312,"BIGLEAF MAPLE","N","ACER","macrophyllum","","","ACER MACROPHYLLUM","ACMA3",43,47,NA,NA,3,25,130,7,0.96395,"X","H","N",0.44,1,0.48,3,71.18182,5,113.66667,18,10,30,1,0.84,0.71,0.45,0.45,0.491,0.496,1.753606577,"2021-09-03 22:38:53",""
313,"BOXELDER","N","ACER","negundo","","","ACER NEGUNDO","ACNE2",41,47,NA,NA,3,36,208,7,0.79248,"","H","N",0.42,19,0.5,22,90.78571,22,92.3,22,8.6,21,1,0.84,0.71,0.45,0.45,0.491,0.487,1.90926346,"2021-09-03 22:38:53",""
314,"BLACK MAPLE","N","ACER","nigrum","","","ACER NIGRUM","ACNI5",31,47,NA,NA,4,27,96,9,0.84103,"","H","N",0.52,1,0.54,6,69.5,22,89.92593,11,15.6,21,1,0.84,0.71,0.45,0.45,0.491,0.475,1.7234767699,"2021-09-03 22:38:53",""
315,"STRIPED MAPLE","N","ACER","pensylvanicum","","","ACER PENSYLVANICUM","ACPE",43,47,NA,NA,3,27,221,7,0.84031,"","H","N",0.44,11,0.5,22,71.18182,22,89.1,22,8.6,21,0.941,0.709,0.533,0.317,0.241,0.491,0.478,1.7277702029,"2021-09-03 22:38:53",""
316,"RED MAPLE","N","ACER","rubrum","","","ACER RUBRUM","ACRU",32,47,NA,NA,3,25,95,7,0.7443,"X","H","N",0.49,1,0.6,5,63.53061,5,78.95,11,8.6,34,0.963,0.716,0.583,0.317,0.241,0.491,0.486,1.6499966562,"2021-09-03 22:38:53",""
317,"SILVER MAPLE","N","ACER","saccharinum","","","ACER SACCHARINUM","ACSA2",32,47,NA,NA,3,25,97,7,0.7443,"X","H","N",0.44,1,0.57,5,67.54545,5,79.92982,22,8.6,21,0.941,0.709,0.533,0.317,0.241,0.491,0.478,1.6878687534,"2021-09-03 22:38:53",""
318,"SUGAR MAPLE","N","ACER","saccharum","","","ACER SACCHARUM","ACSA3",31,47,NA,NA,4,27,96,9,0.84103,"X","H","N",0.56,1,0.54,5,57.39286,5,89.92593,11,15.6,34,1,0.84,0.71,0.45,0.45,0.491,0.485,1.616468427,"2021-09-03 22:38:53",""
319,"MOUNTAIN MAPLE","N","ACER","spicatum","","","ACER SPICATUM","ACSP2",43,47,NA,NA,4,25,221,7,0.84031,"","H","N",0.47,24,0.53,24,70.29,24,90.57,24,10.88,24,0.941,0.709,0.533,0.317,0.241,0.491,0.477,1.7250623215,"2021-09-03 22:38:53",""
320,"NORWAY MAPLE","N","ACER","platanoides","","","ACER PLATANOIDES","ACPL",31,47,NA,NA,4,25,146,7,0.84103,"","H","N",0.47,24,0.53,24,70.29,24,90.57,24,10.88,24,1,0.78,0.45,0.42,0.42,0.491,0.477,1.7250623215,"2021-09-03 22:38:53",""
321,"ROCKY MOUNTAIN MAPLE","N","ACER","glabrum","","","ACER GLABRUM","ACGL",48,48,NA,NA,4,38,159,10,0.65075,"","H","Y",0.47,24,0.53,24,70.29,24,90.57,24,10.88,24,0.941,0.709,0.533,0.317,0.241,0.491,0.477,1.7250623215,"2021-09-03 22:38:53",""
322,"BIGTOOTH MAPLE","N","ACER","grandidentatum","","","ACER GRANDIDENTATUM","ACGR3",48,48,NA,NA,4,38,159,10,0.65075,"","H","Y",0.47,24,0.53,24,70.29,24,90.57,24,10.88,24,1,0.84,0.71,0.45,0.45,0.491,0.477,1.7250623215,"2021-09-03 22:38:53",""
323,"CHALK MAPLE","N","ACER","leucoderme","","","ACER LEUCODERME","ACLE",31,47,NA,NA,4,36,97,8,0.84103,"","H","N",0.47,24,0.53,24,70.29,24,90.57,24,10.88,24,1,0.78,0.45,0.42,0.42,0.491,0.477,1.7250623215,"2021-09-03 22:38:53",""
324,"TRIDENT MAPLE","N","ACER","buergerianum","","","ACER BUERGERIANUM","ACBU4",55,55,NA,NA,3,NA,NA,8,0.84,"","H","N",0.47,24,0.53,24,70.16,24,90.54,24,10.81,24,NA,NA,NA,NA,NA,NA,0.477,1.76,"2021-09-03 22:38:59","2024-02-01 13:08:16"
325,"PURPLE BLOW MAPLE","N","ACER","truncatum","","","ACER TRUNCATUM","ACTR8",55,55,NA,NA,3,NA,NA,8,0.84,"","H","N",0.47,24,0.53,24,70.16,24,90.54,24,10.81,24,NA,NA,NA,NA,NA,NA,0.477,1.76,"2021-09-03 22:38:59","2024-02-01 13:08:17"
330,"BUCKEYE, HORSECHESTNUT SPP.","N","AESCULUS","spp.","","","AESCULUS SP.","AESCU",41,47,NA,NA,3,27,221,8,0.96395,"","H","N",0.33,25,0.5,25,143,25,89,25,15,25,1,0.84,0.71,0.45,0.45,0.491,0.481,2.33,"2021-09-03 22:38:52",""
331,"OHIO BUCKEYE","N","AESCULUS","glabra","","","AESCULUS GLABRA","AEGL",41,47,NA,NA,3,27,101,8,0.79248,"","H","N",0.33,25,0.5,25,143,25,89,25,15,25,0.944,0.734,0.583,0.37,0.282,0.491,0.481,2.33,"2021-09-03 22:38:53",""
332,"YELLOW BUCKEYE","N","AESCULUS","flava","","","AESCULUS FLAVA","AEFL",43,47,NA,NA,3,27,101,8,0.79248,"","H","N",0.33,11,0.5,22,142.81818,5,89.1,22,15,21,0.944,0.734,0.583,0.37,0.282,0.491,0.481,2.3287036889,"2021-09-03 22:38:53",""
333,"CALIFORNIA BUCKEYE","N","AESCULUS","californica","","","AESCULUS CALIFORNICA","AECA",41,47,NA,NA,3,27,221,8,0.96395,"","H","N",0.33,25,0.5,25,143,25,89,25,15,25,1,0.78,0.45,0.42,0.42,0.491,0.481,2.33,"2021-09-03 22:38:53",""
334,"TEXAS BUCKEYE","N","AESCULUS","glabra","arguta","","AESCULUS GLABRA VAR. ARGUTA","AEGLA",41,47,NA,NA,3,27,101,8,0.79248,"","H","N",0.33,25,0.5,25,143,25,89,25,15,25,1,0.78,0.45,0.42,0.42,0.491,0.481,2.33,"2021-09-03 22:38:55",""
335,"RED HORSE-CHESTNUT","N","AESCULUS","x carnea","","","AESCULUS X CARNEA","AECA2",55,55,NA,NA,3,NA,NA,8,0.84,"","H","N",0.33,24,0.5,24,143,24,89,24,15,24,NA,NA,NA,NA,NA,NA,0.481,1.76,"2021-09-03 22:38:59","2024-02-01 13:19:33"
336,"RED BUCKEYE","N","AESCULUS","pavia","","","AESCULUS PAVIA","AEPA",43,47,NA,NA,3,27,101,8,0.84031,"","H","N",0.33,25,0.5,25,143,25,89,25,15,25,1,0.78,0.45,0.42,0.42,0.491,0.481,2.33,"2021-09-03 22:38:53",""
337,"PAINTED BUCKEYE","N","AESCULUS","sylvatica","","","AESCULUS SYLVATICA","AESY",41,47,NA,NA,3,27,101,8,0.79248,"","H","N",0.33,25,0.5,25,143,25,89,25,15,25,1,0.78,0.45,0.42,0.42,0.491,0.481,2.33,"2021-09-03 22:38:53",""
341,"AILANTHUS","Y","AILANTHUS","altissima","","","AILANTHUS ALTISSIMA","AIAL",43,47,NA,54,4,25,146,8,0.84031,"","H","N",0.46,11,0.45,22,74.19565,22,78.06667,22,15,21,0.944,0.734,0.583,0.37,0.282,0.491,0.477,1.7469099379,"2021-09-03 22:38:53",""
345,"MIMOSA, SILKTREE","N","ALBIZIA","julibrissin","","","ALBIZIA JULIBRISSIN","ALJU",43,47,NA,NA,3,36,146,8,0.84031,"","H","N",0.52,26,0.53,26,75.13,26,80.49,26,15.16,26,1,0.78,0.45,0.42,0.42,0.491,0.475,1.758473594,"2021-09-03 22:38:53",""
350,"ALDER SPP.","N","ALNUS","spp.","","","ALNUS SP.","ALNUS",41,47,NA,54,3,37,221,6,0.79248,"","H","N",0.37,23,0.56,23,99,23,75,23,11.49,21,1,0.84,0.71,0.45,0.45,0.491,0.48,1.9544462454,"2021-09-03 22:38:52",""
351,"RED ALDER","N","ALNUS","rubra","","","ALNUS RUBRA","ALRU2",43,45,NA,NA,3,26,131,6,0.74995,"X","H","N",0.37,1,0.56,9,99.24324,5,74.57143,18,12,27,0.99,0.836,0.505,0.277,0.3,0.491,0.483,1.9545104962,"2021-09-03 22:38:53",""
352,"WHITE ALDER","N","ALNUS","rhombifolia","","","ALNUS RHOMBIFOLIA","ALRH2",43,47,NA,NA,3,26,131,6,0.96395,"","H","N",0.37,24,0.56,24,99,24,75,24,11.49,24,0.99,0.836,0.505,0.277,0.3,0.491,0.48,1.9544462454,"2021-09-03 22:38:53",""
353,"ARIZONA ALDER","N","ALNUS","oblongifolia","","","ALNUS OBLONGIFOLIA","ALOB2",43,47,NA,NA,3,37,221,6,0.96395,"","H","N",0.37,24,0.56,24,99,24,75,24,11.49,24,0.99,0.836,0.505,0.277,0.3,0.491,0.48,1.9544462454,"2021-09-03 22:38:53",""
355,"EUROPEAN ALDER","N","ALNUS","glutinosa","","","ALNUS GLUTINOSA","ALGL2",43,47,NA,NA,3,26,146,6,0.79248,"","H","N",0.37,24,0.56,24,99,24,75,24,11.49,24,1,0.84,0.71,0.45,0.45,0.491,0.48,1.9544462454,"2021-09-03 22:38:53",""
356,"SERVICEBERRY SPP.","N","AMELANCHIER","spp.","","","AMELANCHIER SP.","AMELA",43,47,NA,NA,4,37,221,8,0.84031,"","H","N",0.66,11,0.5,22,48.12121,9,60.26,22,8.6,21,1,0.78,0.45,0.42,0.42,0.491,0.47,1.4886369644,"2021-09-03 22:38:52",""
357,"COMMON SERVICEBERRY","N","AMELANCHIER","arborea","","","AMELANCHIER ARBOREA","AMAR3",43,47,NA,NA,4,37,221,8,0.84031,"","H","N",0.66,24,0.5,24,48,24,60,24,8.62,24,1,0.78,0.45,0.42,0.42,0.491,0.47,1.4873559949,"2021-09-03 22:38:53",""
358,"ROUNDLEAF SERVICEBERRY","N","AMELANCHIER","sanguinea","","","AMELANCHIER SANGUINEA","AMSA",43,47,NA,NA,4,37,221,8,0.84031,"","H","N",0.66,24,0.5,24,48,24,60,24,8.62,24,1,0.78,0.45,0.42,0.42,0.491,0.47,1.4873559949,"2021-09-03 22:38:53",""
360,"MADRONE SPP.","N","ARBUTUS","spp.","","","ARBUTUS SP.","ARBUT",43,47,NA,NA,4,37,221,8,0.84031,"","H","N",0.58,25,0.6,25,66,25,60,25,15,25,1,0.78,0.45,0.42,0.42,0.491,0.473,1.6519402985,"2021-09-03 22:38:52",""
361,"PACIFIC MADRONE","N","ARBUTUS","menziesii","","","ARBUTUS MENZIESII","ARME",43,47,NA,NA,4,37,132,8,0.96395,"","H","N",0.58,11,0.6,1,65.77586,9,60.25,22,15,21,0.944,0.734,0.583,0.37,0.282,0.491,0.473,1.650335803,"2021-09-03 22:38:53",""
362,"ARIZONA MADRONE","N","ARBUTUS","arizonica","","","ARBUTUS ARIZONICA","ARAR2",43,47,NA,NA,4,37,221,8,0.96395,"","H","N",0.58,25,0.6,25,66,25,60,25,15,25,1,0.78,0.45,0.42,0.42,0.491,0.473,1.6519402985,"2021-09-03 22:38:53",""
363,"TEXAS MADRONE","N","ARBUTUS","xalapensis","","","ARBUTUS XALAPENSIS","ARXA80",48,48,NA,NA,4,29,160,10,0.96395,"","H","Y",0.58,25,0.6,25,66,25,60,25,15,25,1,0.78,0.45,0.42,0.42,0.491,0.499,1.6519402985,"2021-09-03 22:38:53",""
367,"PAWPAW","N","ASIMINA","triloba","","","ASIMINA TRILOBA","ASTR",43,47,NA,NA,3,25,221,8,0.84031,"","H","N",0.52,26,0.53,26,75.13,26,80.49,26,15.16,26,0.944,0.734,0.583,0.37,0.282,0.491,0.475,1.758473594,"2021-09-03 22:38:53",""
369,"HIMALAYAN BIRCH","N","BETULA","utilis","","","BETULA UTILIS","BEUT2",55,55,NA,NA,3,NA,NA,8,0.84,"","H","N",0.51,24,0.58,24,74,24,55,24,11,24,NA,NA,NA,NA,NA,NA,0.475,1.76,"2024-02-01 13:08:18",""
370,"BIRCH SPP.","N","BETULA","spp.","","","BETULA SP.","BETUL",41,47,NA,NA,4,37,221,7,0.79248,"","H","N",0.51,23,0.58,23,73.8,23,54.8,23,10.98,21,1,0.84,0.71,0.45,0.45,0.491,0.475,1.7169083189,"2021-09-03 22:38:52",""
371,"YELLOW BIRCH","N","BETULA","alleghaniensis","","","BETULA ALLEGHANIENSIS","BEAL2",30,47,NA,NA,4,27,98,7,0.78859,"X","H","N",0.55,1,0.62,3,71.90909,1,60.25806,22,9.8,27,1,0.84,0.71,0.45,0.45,0.491,0.488,1.7075001511,"2021-09-03 22:38:53",""
372,"SWEET BIRCH","N","BETULA","lenta","","","BETULA LENTA","BELE",42,47,NA,NA,4,27,221,7,0.93185,"","H","N",0.6,1,0.62,22,73,1,52.5,11,9.8,21,1,0.7,0.472,0.309,0.2,0.491,0.472,1.7111492826,"2021-09-03 22:38:53",""
373,"RIVER BIRCH","N","BETULA","nigra","","","BETULA NIGRA","BENI",41,47,NA,NA,3,28,129,7,0.79248,"","H","N",0.49,11,0.55,22,86.42857,22,45.69091,22,9.8,21,0.992,0.66,0.482,0.309,0.2,0.491,0.476,1.8239150459,"2021-09-03 22:38:53",""
374,"WATER BIRCH","N","BETULA","occidentalis","","","BETULA OCCIDENTALIS","BEOC2",41,47,NA,NA,3,28,221,7,0.96395,"","H","N",0.51,24,0.58,24,73.8,24,54.8,24,10.98,24,1,0.84,0.71,0.45,0.45,0.491,0.475,1.7169083189,"2021-09-03 22:38:53",""
375,"PAPER BIRCH","N","BETULA","papyrifera","","","BETULA PAPYRIFERA","BEPA",41,47,NA,NA,3,28,99,7,0.79248,"X","H","N",0.48,1,0.56,5,73.60417,1,51.67857,18,12.6,28,0.977,0.66,0.733,0.309,0.2,0.491,0.519,1.7079417593,"2021-09-03 22:38:53",""
376,"RESIN BIRCH","N","BETULA","neoalaskana","","","BETULA NEOALASKANA","BENE4",41,47,NA,NA,3,28,99,7,0.79248,"X","H","N",0.48,1,0.56,5,73.60417,1,51.67857,18,12.6,28,0.977,0.66,0.733,0.309,0.2,0.491,0.476,1.7079417593,"2021-09-03 22:38:53",""
377,"VIRGINIA ROUNDLEAF BIRCH","N","BETULA","uber","","","BETULA UBER","BEUB",41,47,NA,NA,3,27,221,7,0.79248,"","H","N",0.51,24,0.58,24,73.8,24,54.8,24,10.98,24,1,0.78,0.45,0.42,0.42,0.491,0.475,1.7169083189,"2021-09-03 22:38:53",""
378,"NORTHWESTERN PAPER BIRCH","N","BETULA","x utahensis","","","BETULA X UTAHENSIS","BEUT",43,47,NA,NA,3,28,99,7,0.96395,"","H","N",0.51,24,0.58,24,73.8,24,54.8,24,10.98,24,1,0.78,0.45,0.42,0.42,0.491,0.475,1.7169083189,"2021-09-03 22:38:53",""
379,"GRAY BIRCH","N","BETULA","populifolia","","","BETULA POPULIFOLIA","BEPO",41,47,NA,NA,3,28,224,7,0.79248,"","H","N",0.45,11,0.55,22,63.82222,5,63.16364,11,12.6,21,0.992,0.66,0.482,0.309,0.2,0.491,0.477,1.6373433324,"2021-09-03 22:38:53",""
381,"CHITTAMWOOD, GUM BUMELIA","N","SIDEROXYLON","lanuginosum","","lanuginosum","SIDEROXYLON LANUGINOSUM SSP. LANUGINOSUM","SILAL3",43,47,NA,NA,4,25,151,8,0.84031,"","H","N",0.52,26,0.53,26,75.13,26,80.49,26,15.16,26,1,0.84,0.71,0.45,0.45,0.491,0.475,1.758473594,"2021-09-03 22:38:55",""
390,"JAPANESE HORNBEAM","N","CARPINUS","japonica","","","CARPINUS JAPONICA","CAJA15",55,55,NA,NA,4,NA,NA,8,0.84,"","H","N",0.52,26,0.53,26,75.12,26,80.64,26,15.32,26,NA,NA,NA,NA,NA,NA,0.475,1.76,"2024-02-01 13:08:19",""
391,"AMERICAN HORNBEAM, MUSCLEWOOD","N","CARPINUS","caroliniana","","","CARPINUS CAROLINIANA","CACA18",43,47,NA,NA,4,25,101,8,0.84031,"","H","N",0.58,11,0.55,22,46.44828,9,89.4,22,8.6,21,1,0.78,0.45,0.42,0.42,0.491,0.473,1.4968694787,"2021-09-03 22:38:53",""
400,"HICKORY SPP.","N","CARYA","spp.","","","CARYA SP.","CARYA",29,47,NA,NA,4,29,221,9,0.74366,"","H","N",0.62,23,0.62,23,68.88,23,56.74,13,16,35,1,0.78,0.45,0.42,0.42,0.491,0.471,1.6720551724,"2021-09-03 22:38:52",""
401,"WATER HICKORY","N","CARYA","aquatica","","","CARYA AQUATICA","CAAQ2",29,47,NA,NA,4,29,90,9,0.74366,"","H","N",0.61,1,0.6,6,83.90164,1,60.25,22,16,21,1,0.78,0.45,0.42,0.42,0.491,0.472,1.8068555297,"2021-09-03 22:38:53",""
402,"BITTERNUT HICKORY","N","CARYA","cordiformis","","","CARYA CORDIFORMIS","CACO15",29,47,NA,NA,4,29,92,9,0.74366,"X","H","N",0.6,1,0.6,8,70.93333,1,60.25,22,16,21,1,0.78,0.45,0.42,0.42,0.491,0.472,1.6945976724,"2021-09-03 22:38:53",""
403,"PIGNUT HICKORY","N","CARYA","glabra","","","CARYA GLABRA","CAGL8",29,47,NA,NA,4,29,92,9,0.74366,"","H","N",0.66,1,0.6,8,65.10606,5,60.25,22,16,21,1,0.78,0.45,0.42,0.42,0.491,0.47,1.6448941746,"2021-09-03 22:38:53",""
404,"PECAN","N","CARYA","illinoinensis","","","CARYA ILLINOINENSIS","CAIL2",29,47,NA,NA,4,29,91,9,0.74366,"","H","N",0.6,1,0.6,6,65.6,1,60.25,22,16,21,1,0.78,0.45,0.42,0.42,0.491,0.472,1.6486206897,"2021-09-03 22:38:53",""
405,"SHELLBARK HICKORY","N","CARYA","laciniosa","","","CARYA LACINIOSA","CALA21",29,47,NA,NA,4,29,90,9,0.74366,"","H","N",0.62,1,0.6,6,65.41935,5,60.25,22,16,21,1,0.78,0.45,0.42,0.42,0.491,0.471,1.6472625279,"2021-09-03 22:38:53",""
406,"NUTMEG HICKORY","N","CARYA","myristiciformis","","","CARYA MYRISTICIFORMIS","CAMY",29,47,NA,NA,4,29,92,9,0.74366,"","H","N",0.56,1,0.6,6,77.42857,16,60.25,22,16,21,0.95,0.653,0.381,0.279,0.244,0.491,0.473,1.7491463293,"2021-09-03 22:38:53",""
407,"SHAGBARK HICKORY","N","CARYA","ovata","","","CARYA OVATA","CAOV2",29,47,NA,NA,4,29,92,9,0.74366,"X","H","N",0.64,1,0.72,5,60.25,5,33.54167,22,16,21,1,0.78,0.45,0.42,0.42,0.491,0.471,1.5617584797,"2021-09-03 22:38:53",""
408,"BLACK HICKORY","N","CARYA","texana","","","CARYA TEXANA","CATE9",29,47,NA,NA,4,29,92,9,0.74366,"","H","N",0.62,24,0.62,24,68.88,24,56.74,24,16,24,1,0.78,0.45,0.42,0.42,0.491,0.471,1.6720551724,"2021-09-03 22:38:53",""
409,"MOCKERNUT HICKORY","N","CARYA","alba","","","CARYA ALBA","CAAL27",29,47,NA,NA,4,29,92,9,0.74366,"","H","N",0.64,1,0.6,8,62.76563,1,60.25,22,16,21,1,0.78,0.45,0.42,0.42,0.491,0.471,1.6243750435,"2021-09-03 22:38:53",""
410,"SAND HICKORY","N","CARYA","pallida","","","CARYA PALLIDA","CAPA24",29,47,NA,NA,4,29,92,9,0.74366,"","H","N",0.62,24,0.62,24,68.88,24,56.74,24,16,24,1,0.78,0.45,0.42,0.42,0.491,0.471,1.6720551724,"2021-09-03 22:38:53",""
411,"SCRUB HICKORY","N","CARYA","floridana","","","CARYA FLORIDANA","CAFL6",29,47,NA,NA,4,29,92,9,0.74366,"","H","N",0.62,24,0.62,24,68.88,24,56.74,24,16,24,1,0.78,0.45,0.42,0.42,0.491,0.471,1.6720551724,"2021-09-03 22:38:53",""
412,"RED HICKORY","N","CARYA","ovalis","","","CARYA OVALIS","CAOV3",29,47,NA,NA,4,29,92,9,0.74366,"","H","N",0.62,24,0.62,24,68.88,24,56.74,24,16,24,1,0.78,0.45,0.42,0.42,0.491,0.471,1.6720551724,"2021-09-03 22:38:53",""
413,"SOUTHERN SHAGBARK HICKORY","N","CARYA","carolinae-septentrionalis","","","CARYA CAROLINAE-SEPTENTRIONALIS","CACA38",29,47,NA,NA,4,29,92,9,0.74366,"","H","N",0.62,24,0.62,24,68.88,24,56.74,24,16,24,1,0.78,0.45,0.42,0.42,0.491,0.471,1.6720551724,"2021-09-03 22:38:53",""
420,"CHESTNUT SPP.","N","CASTANEA","spp.","","","CASTANEA SP.","CASTA",43,47,NA,NA,3,37,221,8,0.84031,"","H","N",0.4,25,0.5,25,120,25,89,25,15,25,1,0.78,0.45,0.42,0.42,0.491,0.479,2.1510526316,"2021-09-03 22:38:52",""
421,"AMERICAN CHESTNUT","N","CASTANEA","dentata","","","CASTANEA DENTATA","CADE12",43,47,NA,NA,3,25,101,8,0.84031,"","H","N",0.4,1,0.5,6,120.35,1,89.1,22,15,21,1,0.78,0.45,0.42,0.42,0.491,0.464,2.1541578947,"2021-09-03 22:38:53",""
422,"ALLEGHENY CHINKAPIN","N","CASTANEA","pumila","","","CASTANEA PUMILA","CAPU9",43,47,NA,NA,3,29,221,8,0.79248,"","H","N",0.4,25,0.5,25,120,25,89,25,15,25,1,0.78,0.45,0.42,0.42,0.491,0.479,2.1510526316,"2021-09-03 22:38:53",""
423,"OZARK CHINKAPIN","N","CASTANEA","pumila","ozarkensis","","CASTANEA PUMILA VAR. OZARKENSIS","CAPUO",43,47,NA,NA,3,29,221,8,0.84031,"","H","N",0.4,25,0.5,25,120,25,89,25,15,25,1,0.78,0.45,0.42,0.42,0.491,0.479,2.1510526316,"2021-09-03 22:38:55",""
424,"CHINESE CHESTNUT","N","CASTANEA","mollissima","","","CASTANEA MOLLISSIMA","CAMO83",43,47,NA,NA,3,37,146,8,0.84031,"","H","N",0.4,25,0.5,25,120,25,89,25,15,25,1,0.78,0.45,0.42,0.42,0.491,0.479,2.1510526316,"2021-09-03 22:38:53",""
431,"GIANT CHINKAPIN, GOLDEN CHINKAPIN","N","CHRYSOLEPIS","chrysophylla","chrysophylla","","CHRYSOLEPIS CHRYSOPHYLLA VAR. CHRYSOPHYLLA","CHCHC4",43,47,NA,NA,3,29,133,8,0.96395,"","H","N",0.42,11,0.42,7,132.76199,9,90.78571,22,12,30,0.944,0.734,0.583,0.37,0.282,0.491,0.478,2.2826453143,"2021-09-03 22:38:55",""
450,"CATALPA SPP.","N","CATALPA","spp.","","","CATALPA SP.","CATAL",42,47,54,NA,4,27,221,8,0.93185,"","H","N",0.38,25,0.5,25,73,25,89,25,15,25,1,0.78,0.45,0.42,0.42,0.491,0.48,1.7563736264,"2021-09-03 22:38:52",""
451,"SOUTHERN CATALPA","N","CATALPA","bignonioides","","","CATALPA BIGNONIOIDES","CABI8",43,47,NA,NA,4,27,221,8,0.84031,"","H","N",0.38,25,0.5,25,73,25,89,25,15,25,0.944,0.734,0.583,0.37,0.282,0.491,0.469,1.7563736264,"2021-09-03 22:38:53",""
452,"NORTHERN CATALPA","N","CATALPA","speciosa","","","CATALPA SPECIOSA","CASP8",41,47,NA,NA,3,27,221,8,0.79248,"","H","N",0.38,11,0.5,22,72.92105,9,89.1,22,15,21,0.944,0.734,0.583,0.37,0.282,0.491,0.48,1.7558790989,"2021-09-03 22:38:53",""
460,"HACKBERRY SPP.","N","CELTIS","spp.","","","CELTIS SP.","CELTI",41,47,54,54,3,36,115,8,0.79248,"","H","N",0.49,25,0.49,25,64,25,90,25,15,25,1,0.78,0.45,0.42,0.42,0.491,0.476,1.6739130435,"2021-09-03 22:38:52",""
461,"SUGARBERRY","N","CELTIS","laevigata","","","CELTIS LAEVIGATA","CELA",41,47,NA,NA,3,36,100,8,0.79248,"","H","N",0.49,25,0.49,25,64,25,90,25,15,25,0.944,0.734,0.583,0.37,0.282,0.491,0.448,1.6739130435,"2021-09-03 22:38:53",""
462,"HACKBERRY","N","CELTIS","occidentalis","","","CELTIS OCCIDENTALIS","CEOC",41,47,NA,NA,3,36,115,8,0.79248,"X","H","N",0.49,1,0.49,8,63.53061,16,89.69388,22,15,32,0.944,0.734,0.583,0.37,0.282,0.491,0.476,1.6694321043,"2021-09-03 22:38:53",""
463,"NETLEAF HACKBERRY","N","CELTIS","laevigata","reticulata","","CELTIS LAEVIGATA VAR. RETICULATA","CELAR",41,47,NA,NA,3,36,115,8,0.79248,"","H","N",0.49,25,0.49,25,64,25,90,25,15,25,1,0.78,0.45,0.42,0.42,0.491,0.448,1.6739130435,"2021-09-03 22:38:55",""
471,"EASTERN REDBUD","N","CERCIS","canadensis","","","CERCIS CANADENSIS","CECA4",43,47,NA,NA,3,25,101,8,0.84031,"","H","N",0.52,26,0.53,26,75.13,26,80.49,26,15.16,26,1,0.78,0.45,0.42,0.42,0.491,0.438,1.758473594,"2021-09-03 22:38:53",""
475,"CURLLEAF MOUNTAIN-MAHOGANY","N","CERCOCARPUS","ledifolius","","","CERCOCARPUS LEDIFOLIUS","CELE3",48,48,NA,NA,4,38,156,10,0.65075,"","H","Y",0.52,26,0.53,26,75.13,26,80.49,26,15.16,26,1,0.78,0.45,0.42,0.42,0.491,0.475,1.758473594,"2021-09-03 22:38:53",""
481,"YELLOWWOOD","Y","CLADRASTIS","kentukea","","","CLADRASTIS KENTUKEA","CLKE",43,47,NA,NA,4,25,221,8,0.84031,"","H","N",0.52,26,0.53,26,75.13,26,80.49,26,15.16,26,1,0.78,0.45,0.42,0.42,0.491,0.475,1.758473594,"2021-09-03 22:38:53",""
490,"DOGWOOD SPP.","N","CORNUS","spp.","","","CORNUS SP.","CORNU",43,47,NA,NA,4,37,221,8,0.84031,"","H","N",0.61,25,0.58,25,39.5,25,91,25,15,25,1,0.78,0.45,0.42,0.42,0.491,0.472,1.4592826399,"2021-09-03 22:38:52",""
491,"FLOWERING DOGWOOD","N","CORNUS","florida","","","CORNUS FLORIDA","COFL2",42,47,NA,NA,4,25,101,8,0.93185,"","H","N",0.64,11,0.58,22,32.71875,22,90.65517,22,15,21,1,0.78,0.45,0.42,0.42,0.491,0.459,1.3965199421,"2021-09-03 22:38:53",""
492,"PACIFIC DOGWOOD","N","CORNUS","nuttallii","","","CORNUS NUTTALLII","CONU4",43,47,NA,NA,4,26,221,8,0.96395,"","H","N",0.58,15,0.58,15,46.44828,22,90.65517,22,15,21,1,0.78,0.45,0.42,0.42,0.491,0.473,1.5221439609,"2021-09-03 22:38:53",""
500,"HAWTHORN SPP.","N","CRATAEGUS","spp.","","","CRATAEGUS SP.","CRATA",43,47,NA,NA,4,29,101,8,0.84031,"","H","N",0.52,26,0.53,26,75.13,26,80.49,26,15.16,26,1,0.78,0.45,0.42,0.42,0.491,0.475,1.758473594,"2021-09-03 22:38:52",""
501,"COCKSPUR HAWTHORN","N","CRATAEGUS","crus-galli","","","CRATAEGUS CRUS-GALLI","CRCR2",43,47,NA,NA,4,29,101,8,0.84031,"","H","N",0.52,26,0.53,26,75.13,26,80.49,26,15.16,26,1,0.78,0.45,0.42,0.42,0.491,0.475,1.758473594,"2021-09-03 22:38:53",""
502,"DOWNY HAWTHORN","N","CRATAEGUS","mollis","","","CRATAEGUS MOLLIS","CRMO2",43,47,NA,NA,4,29,101,8,0.84031,"","H","N",0.52,26,0.53,26,75.13,26,80.49,26,15.16,26,1,0.78,0.45,0.42,0.42,0.491,0.475,1.758473594,"2021-09-03 22:38:53",""
503,"BRAINERD'S HAWTHORN","N","CRATAEGUS","brainerdii","","","CRATAEGUS BRAINERDII","CRBR3",43,47,NA,NA,4,29,101,8,0.84031,"","H","N",0.52,26,0.53,26,75.13,26,80.49,26,15.16,26,1,0.78,0.45,0.42,0.42,0.491,0.475,1.758473594,"2021-09-03 22:38:53",""
504,"PEAR HAWTHORN","N","CRATAEGUS","calpodendron","","","CRATAEGUS CALPODENDRON","CRCA",43,47,NA,NA,4,29,101,8,0.84031,"","H","N",0.52,26,0.53,26,75.13,26,80.49,26,15.16,26,1,0.78,0.45,0.42,0.42,0.491,0.475,1.758473594,"2021-09-03 22:38:53",""
505,"FIREBERRY HAWTHORN","N","CRATAEGUS","chrysocarpa","","","CRATAEGUS CHRYSOCARPA","CRCH",43,47,NA,NA,4,29,101,8,0.84031,"","H","N",0.52,26,0.53,26,75.13,26,80.49,26,15.16,26,1,0.78,0.45,0.42,0.42,0.491,0.475,1.758473594,"2021-09-03 22:38:53",""
506,"BROADLEAF HAWTHORN","N","CRATAEGUS","dilatata","","","CRATAEGUS DILATATA","CRDI",43,47,NA,NA,4,29,101,8,0.84031,"","H","N",0.52,26,0.53,26,75.13,26,80.49,26,15.16,26,1,0.78,0.45,0.42,0.42,0.491,0.475,1.758473594,"2021-09-03 22:38:53",""
507,"FANLEAF HAWTHORN","N","CRATAEGUS","flabellata","","","CRATAEGUS FLABELLATA","CRFL",43,47,NA,NA,4,29,101,8,0.84031,"","H","N",0.52,26,0.53,26,75.13,26,80.49,26,15.16,26,1,0.78,0.45,0.42,0.42,0.491,0.475,1.758473594,"2021-09-03 22:38:53",""
508,"ONESEED HAWTHORN","N","CRATAEGUS","monogyna","","","CRATAEGUS MONOGYNA","CRMO3",43,47,NA,NA,4,29,101,8,0.84031,"","H","N",0.52,26,0.53,26,75.13,26,80.49,26,15.16,26,1,0.78,0.45,0.42,0.42,0.491,0.475,1.758473594,"2021-09-03 22:38:53",""
509,"SCARLET HAWTHORN","N","CRATAEGUS","pedicellata","","","CRATAEGUS PEDICELLATA","CRPE",43,47,NA,NA,4,29,101,8,0.84031,"","H","N",0.52,26,0.53,26,75.13,26,80.49,26,15.16,26,1,0.78,0.45,0.42,0.42,0.491,0.475,1.758473594,"2021-09-03 22:38:53",""
510,"EUCALYPTUS SPP.","N","EUCALYPTUS","spp.","","","EUCALYPTUS SP.","EUCAL",42,47,54,54,4,26,148,8,0.93185,"","H","N",0.52,26,0.53,26,75.13,26,80.49,26,15.16,26,1,0.78,0.45,0.42,0.42,0.491,0.475,1.758473594,"2021-09-03 22:38:52",""
511,"TASMANIAN BLUEGUM","N","EUCALYPTUS","globulus","","","EUCALYPTUS GLOBULUS","EUGL",43,47,54,54,4,26,148,8,0.96395,"","H","N",0.52,26,0.53,26,75.13,26,80.49,26,15.16,26,1,0.78,0.45,0.42,0.42,0.491,0.478,1.758473594,"2021-09-03 22:38:53",""
512,"RIVER REDGUM","N","EUCALYPTUS","camaldulensis","","","EUCALYPTUS CAMALDULENSIS","EUCA2",43,47,NA,54,4,26,148,8,0.84031,"","H","N",0.52,26,0.53,26,75.13,26,80.49,26,15.16,26,1,0.78,0.45,0.42,0.42,0.491,0.454,1.758473594,"2021-09-03 22:38:53",""
513,"GRAND EUCALYPTUS","N","EUCALYPTUS","grandis","","","EUCALYPTUS GRANDIS","EUGR12",43,47,54,54,4,26,148,8,0.93185,"","H","N",0.52,26,0.53,26,75.13,26,80.49,26,15.16,26,1,0.78,0.45,0.42,0.42,0.491,0.475,1.758473594,"2021-09-03 22:38:53",""
514,"SWAMPMAHOGANY","N","EUCALYPTUS","robusta","","","EUCALYPTUS ROBUSTA","EURO2",43,47,54,54,4,37,148,8,0.84031,"","H","N",0.52,26,0.53,26,75.13,26,80.49,26,15.16,26,1,0.78,0.45,0.42,0.42,0.491,0.475,1.758473594,"2021-09-03 22:38:53",""
520,"PERSIMMON SPP.","N","DIOSPYROS","spp.","","","DIOSPYROS SP.","DIOSP",43,47,54,54,4,29,93,8,0.84031,"","H","N",0.64,25,0.5,25,58,25,89,25,15,25,1,0.78,0.45,0.42,0.42,0.491,0.471,1.6125174825,"2021-09-03 22:38:52",""
521,"COMMON PERSIMMON","N","DIOSPYROS","virginiana","","","DIOSPYROS VIRGINIANA","DIVI5",42,47,NA,NA,4,29,93,8,0.93185,"","H","N",0.64,9,0.5,22,57.75,9,89.1,22,15,21,1,0.78,0.45,0.42,0.42,0.491,0.471,1.6103846154,"2021-09-03 22:38:53",""
522,"TEXAS PERSIMMON","N","DIOSPYROS","texana","","","DIOSPYROS TEXANA","DITE3",43,47,NA,NA,4,29,93,10,NA,"","H","Y",0.64,25,0.5,25,58,25,89,25,15,25,1,0.78,0.45,0.42,0.42,0.491,0.471,2,"2021-09-03 22:38:53",""
523,"ANACUA KNOCKAWAY","N","EHRETIA","anacua","","","EHRETIA ANACUA","EHAN",48,48,NA,NA,3,36,209,10,0.84031,"","H","Y",0.52,26,0.53,26,75.13,26,80.49,26,15.16,26,1,0.78,0.45,0.42,0.42,0.491,0.475,1.758473594,"2021-09-03 22:38:53",""
531,"AMERICAN BEECH","N","FAGUS","grandifolia","","","FAGUS GRANDIFOLIA","FAGR",33,47,NA,NA,4,27,102,9,0.63243,"X","H","N",0.56,1,0.67,5,54.53571,5,88.95522,22,6,34,0.976,0.614,0.479,0.375,0.25,0.491,0.478,1.5684104872,"2021-09-03 22:38:53",""
539,"NARROW-LEAFED ASH","N","FRAXINUS","angustifolia","","","FRAXINUS ANGUSTIFOLIA","FRAN5",55,55,NA,NA,3,NA,NA,8,0.84,"","H","N",0.51,24,0.46,24,61,24,86,24,16,24,NA,NA,NA,NA,NA,NA,0.457,1.76,"2024-02-01 13:08:20",""
540,"ASH SPP.","N","FRAXINUS","spp.","","","FRAXINUS SP.","FRAXI",36,47,54,NA,3,33,221,8,0.93622,"","H","N",0.51,23,0.46,23,61,23,86,23,16,35,1,0.78,0.45,0.42,0.42,0.491,0.475,1.6415284441,"2021-09-03 22:38:52",""
541,"WHITE ASH","N","FRAXINUS","americana","","","FRAXINUS AMERICANA","FRAM2",36,47,NA,54,4,33,103,8,0.93622,"X","H","N",0.55,1,0.5,5,45.69091,1,89.1,22,16,21,1,0.78,0.45,0.42,0.42,0.491,0.474,1.512031754,"2021-09-03 22:38:53",""
542,"OREGON ASH","N","FRAXINUS","latifolia","","","FRAXINUS LATIFOLIA","FRLA",43,47,NA,NA,4,33,135,8,0.96395,"","H","N",0.5,1,0.5,6,60.26,22,89.1,22,16,21,0.864,0.576,0.542,0.37,0.182,0.491,0.476,1.6423793103,"2021-09-03 22:38:53",""
543,"BLACK ASH","N","FRAXINUS","nigra","","","FRAXINUS NIGRA","FRNI",36,47,NA,NA,3,33,104,8,0.93622,"X","H","N",0.45,1,0.43,3,85.17778,5,90.06977,22,16,21,0.864,0.576,0.542,0.37,0.182,0.491,0.48,1.8582652501,"2021-09-03 22:38:53",""
544,"GREEN ASH","N","FRAXINUS","pennsylvanica","","","FRAXINUS PENNSYLVANICA","FRPE",36,47,NA,NA,4,36,105,8,0.93622,"X","H","N",0.53,1,0.48,5,57.22642,16,70.27083,13,16,33,0.864,0.576,0.542,0.37,0.182,0.491,0.486,1.5887739345,"2021-09-03 22:38:53",""
545,"PUMPKIN ASH","N","FRAXINUS","profunda","","","FRAXINUS PROFUNDA","FRPR",36,47,NA,NA,3,33,221,8,0.93622,"","H","N",0.48,11,0.45,22,66.9375,22,88.75556,22,16,21,0.864,0.576,0.542,0.37,0.182,0.491,0.476,1.6978333391,"2021-09-03 22:38:53",""
546,"BLUE ASH","N","FRAXINUS","quadrangulata","","","FRAXINUS QUADRANGULATA","FRQU",36,47,NA,NA,4,33,221,8,0.93622,"","H","N",0.53,1,0.39,6,51.18868,22,89.02564,22,16,21,0.864,0.576,0.542,0.37,0.182,0.491,0.474,1.5517420718,"2021-09-03 22:38:53",""
547,"VELVET ASH","N","FRAXINUS","velutina","","","FRAXINUS VELUTINA","FRVE2",43,47,NA,NA,4,33,221,8,0.96395,"","H","N",0.51,24,0.46,24,61,24,86,24,16,24,1,0.78,0.45,0.42,0.42,0.491,0.475,1.6415284441,"2021-09-03 22:38:53",""
548,"CAROLINA ASH","N","FRAXINUS","caroliniana","","","FRAXINUS CAROLINIANA","FRCA3",36,47,NA,NA,4,33,221,8,0.93622,"","H","N",0.51,24,0.46,24,61,24,86,24,16,24,1,0.78,0.45,0.42,0.42,0.491,0.475,1.6415284441,"2021-09-03 22:38:53",""
549,"TEXAS ASH","N","FRAXINUS","texensis","","","FRAXINUS TEXENSIS","FRTE",36,47,NA,NA,3,29,221,8,0.93622,"","H","N",0.51,24,0.46,24,61,24,86,24,16,24,1,0.78,0.45,0.42,0.42,0.491,0.475,1.6415284441,"2021-09-03 22:38:53",""
550,"HONEYLOCUST SPP.","N","GLEDITSIA","spp.","","","GLEDITSIA SP.","GLEDI",42,47,NA,NA,4,37,221,8,0.93185,"","H","N",0.6,25,0.5,25,60,25,89,25,15,25,1,0.78,0.45,0.42,0.42,0.491,0.472,1.6322222222,"2021-09-03 22:38:52",""
551,"WATERLOCUST","N","GLEDITSIA","aquatica","","","GLEDITSIA AQUATICA","GLAQ",42,47,NA,NA,4,25,151,8,0.93185,"","H","N",0.6,25,0.5,25,60,25,89,25,15,25,0.944,0.734,0.583,0.37,0.282,0.491,0.472,1.6322222222,"2021-09-03 22:38:53",""
552,"HONEYLOCUST","N","GLEDITSIA","triacanthos","","","GLEDITSIA TRIACANTHOS","GLTR",42,47,NA,NA,4,27,101,8,0.93185,"","H","N",0.6,1,0.5,6,60.25,9,89.1,22,15,21,0.944,0.734,0.583,0.37,0.282,0.491,0.423,1.6345555556,"2021-09-03 22:38:53",""
555,"LOBLOLLY-BAY","N","GORDONIA","lasianthus","","","GORDONIA LASIANTHUS","GOLA",41,47,NA,NA,3,25,127,8,0.79248,"","H","N",0.52,26,0.53,26,75.13,26,80.49,26,15.16,26,0.944,0.734,0.583,0.37,0.282,0.491,0.475,1.758473594,"2021-09-03 22:38:53",""
561,"GINKGO, MAIDENHAIR TREE","N","GINKGO","biloba","","","GINKGO BILOBA","GIBI2",43,47,NA,NA,3,37,146,8,0.84031,"","H","N",0.52,26,0.53,26,75.13,26,80.49,26,15.16,26,1,0.78,0.45,0.42,0.42,0.491,0.475,1.758473594,"2021-09-03 22:38:53",""
571,"KENTUCKY COFFEETREE","N","GYMNOCLADUS","dioicus","","","GYMNOCLADUS DIOICUS","GYDI",42,47,NA,NA,4,25,101,8,0.93185,"","H","N",0.53,11,0.5,22,51.18868,22,60.26,22,15,21,0.944,0.734,0.583,0.37,0.282,0.491,0.474,1.523132238,"2021-09-03 22:38:53",""
580,"SILVERBELL SPP.","N","HALESIA","spp.","","","HALESIA SP.","HALES",43,47,NA,NA,3,37,221,8,0.79248,"","H","N",0.42,11,0.5,22,67.88095,9,89.1,22,15,21,1,0.78,0.45,0.42,0.42,0.491,0.478,1.7109595758,"2021-09-03 22:38:52",""
581,"CAROLINA SILVERBELL","N","HALESIA","carolina","","","HALESIA CAROLINA","HACA3",41,47,NA,NA,3,37,221,8,0.79248,"","H","N",0.42,24,0.5,24,68,24,89,24,15,24,1,0.78,0.45,0.42,0.42,0.491,0.478,1.7118181818,"2021-09-03 22:38:53",""
582,"TWO-WING SILVERBELL","N","HALESIA","diptera","","","HALESIA DIPTERA","HADI3",41,47,NA,NA,3,37,221,8,0.79248,"","H","N",0.42,24,0.5,24,68,24,89,24,15,24,1,0.78,0.45,0.42,0.42,0.491,0.478,1.7118181818,"2021-09-03 22:38:53",""
583,"LITTLE SILVERBELL","N","HALESIA","parviflora","","","HALESIA PARVIFLORA","HAPA2",41,47,NA,NA,3,37,221,8,0.79248,"","H","N",0.42,24,0.5,24,68,24,89,24,15,24,1,0.78,0.45,0.42,0.42,0.491,0.478,1.7118181818,"2021-09-03 22:38:53",""
591,"AMERICAN HOLLY","N","ILEX","opaca","","","ILEX OPACA","ILOP",42,47,NA,NA,4,25,106,8,0.93185,"","H","N",0.5,11,0.5,22,82.7,9,89.1,22,15,21,0.944,0.734,0.583,0.37,0.282,0.491,0.527,1.8353478261,"2021-09-03 22:38:53",""
600,"WALNUT SPP.","N","JUGLANS","spp.","","","JUGLANS SP.","JUGLA",41,47,54,NA,4,30,221,8,0.79248,"","H","N",0.44,23,0.37,23,92,23,88.5,23,15,32,1,0.78,0.45,0.42,0.42,0.491,0.478,1.9160797175,"2021-09-03 22:38:52",""
601,"BUTTERNUT","N","JUGLANS","cinerea","","","JUGLANS CINEREA","JUCI",41,47,NA,NA,3,30,107,8,0.79248,"","H","N",0.36,1,0.4,6,104.77778,5,88.3,22,15,21,0.944,0.734,0.583,0.37,0.282,0.491,0.485,2.0242381143,"2021-09-03 22:38:53",""
602,"BLACK WALNUT","N","JUGLANS","nigra","","","JUGLANS NIGRA","JUNI",40,47,NA,NA,4,30,108,8,0.8722,"X","H","N",0.51,1,0.33,3,79.11765,5,89.39394,22,15,21,0.944,0.734,0.583,0.37,0.282,0.491,0.467,1.8002681239,"2021-09-03 22:38:53",""
603,"NORTHERN CALIFORNIA BLACK WALNUT","N","JUGLANS","hindsii","","","JUGLANS HINDSII","JUHI",43,47,NA,NA,4,30,221,8,0.96395,"","H","N",0.44,24,0.37,24,92,24,88.5,24,15,24,1,0.78,0.45,0.42,0.42,0.491,0.478,1.9160797175,"2021-09-03 22:38:53",""
604,"SOUTHERN CALIFORNIA BLACK WALNUT","N","JUGLANS","californica","","","JUGLANS CALIFORNICA","JUCA",43,47,NA,NA,4,30,221,8,0.96395,"","H","N",0.44,24,0.37,24,92,24,88.5,24,15,24,1,0.78,0.45,0.42,0.42,0.491,0.478,1.9160797175,"2021-09-03 22:38:53",""
605,"TEXAS WALNUT","N","JUGLANS","microcarpa","","","JUGLANS MICROCARPA","JUMI",41,47,NA,NA,4,30,221,8,0.79248,"","H","N",0.44,24,0.37,24,92,24,88.5,24,15,24,1,0.78,0.45,0.42,0.42,0.491,0.478,1.9160797175,"2021-09-03 22:38:53",""
606,"ARIZONA WALNUT","N","JUGLANS","major","","","JUGLANS MAJOR","JUMA",43,47,NA,NA,4,37,221,8,0.96395,"","H","N",0.44,24,0.37,24,92,24,88.5,24,15,24,1,0.78,0.45,0.42,0.42,0.491,0.42,1.9160797175,"2021-09-03 22:38:53",""
611,"SWEETGUM","N","LIQUIDAMBAR","styraciflua","","","LIQUIDAMBAR STYRACIFLUA","LIST2",34,47,NA,NA,3,31,109,8,0.74856,"X","H","N",0.46,1,0.42,5,74.19565,5,90.78571,11,15,36,1,0.78,0.45,0.42,0.42,0.491,0.445,1.7619407023,"2021-09-03 22:38:53",""
621,"YELLOW-POPLAR","N","LIRIODENDRON","tulipifera","","","LIRIODENDRON TULIPIFERA","LITU",39,47,NA,NA,3,33,110,8,0.85175,"X","H","N",0.4,1,0.38,5,95,1,123.52632,13,18,36,0.94,0.786,0.523,0.353,0.282,0.491,0.457,1.9916567098,"2021-09-03 22:38:53",""
631,"TANOAK","N","LITHOCARPUS","densiflorus","","","LITHOCARPUS DENSIFLORUS","LIDE3",43,47,NA,NA,4,25,136,8,0.96395,"","H","N",0.58,1,0.62,3,79.60345,9,60.25806,22,19,30,1,0.78,0.45,0.42,0.42,0.491,0.473,1.7633763323,"2021-09-03 22:38:53",""
641,"OSAGE-ORANGE","N","MACLURA","pomifera","","","MACLURA POMIFERA","MAPO",43,47,NA,NA,4,29,101,8,0.84031,"","H","N",0.76,11,0.6,22,30.73684,9,60.25,22,15,21,0.944,0.734,0.583,0.37,0.282,0.491,0.466,1.3386176282,"2021-09-03 22:38:53",""
650,"MAGNOLIA SPP.","N","MAGNOLIA","spp.","","","MAGNOLIA SP.","MAGNO",41,47,54,NA,3,33,151,8,0.79248,"","H","N",0.43,23,0.44,23,91.75,23,92.75,23,15,21,1,0.78,0.45,0.42,0.42,0.491,0.478,1.9188306452,"2021-09-03 22:38:52",""
651,"CUCUMBERTREE","N","MAGNOLIA","acuminata","","","MAGNOLIA ACUMINATA","MAAC",41,47,NA,NA,3,33,151,8,0.79248,"","H","N",0.44,1,0.44,6,78.47727,5,89.38636,22,15,21,0.85,0.798,0.5,0.37,0.282,0.491,0.478,1.7990019478,"2021-09-03 22:38:53",""
652,"SOUTHERN MAGNOLIA","N","MAGNOLIA","grandiflora","","","MAGNOLIA GRANDIFLORA","MAGR4",41,47,NA,NA,3,33,151,8,0.792,"","H","N",0.46,23,0.44,23,106,23,89,23,15,23,0.85,0.798,0.5,0.37,0.282,0.491,0.436,2.0351616076,"2021-09-03 22:38:53",""
653,"SWEETBAY","N","MAGNOLIA","virginiana","","","MAGNOLIA VIRGINIANA","MAVI2",43,47,NA,NA,3,25,111,8,0.79248,"","H","N",0.42,11,0.44,22,86.97619,22,103.95455,11,15,21,0.85,0.798,0.5,0.37,0.282,0.491,0.478,1.8928189321,"2021-09-03 22:38:53",""
654,"BIGLEAF MAGNOLIA","N","MAGNOLIA","macrophylla","","","MAGNOLIA MACROPHYLLA","MAMA2",43,47,NA,NA,4,33,151,8,0.84031,"","H","N",0.43,24,0.44,24,91.75,24,92.75,24,15,24,0.85,0.798,0.5,0.37,0.282,0.491,0.465,1.9188306452,"2021-09-03 22:38:53",""
655,"MOUNTAIN OR FRASER MAGNOLIA","N","MAGNOLIA","fraseri","","","MAGNOLIA FRASERI","MAFR",41,47,NA,NA,3,33,151,8,0.79248,"","H","N",0.4,11,0.44,22,96.325,22,89.38636,22,15,21,1,0.78,0.45,0.42,0.42,0.491,0.479,1.9534227416,"2021-09-03 22:38:53",""
657,"PYRAMID MAGNOLIA","N","MAGNOLIA","pyramidata","","","MAGNOLIA PYRAMIDATA","MAPY",41,47,NA,NA,3,33,151,8,0.79248,"","H","N",0.43,24,0.44,24,91.75,24,92.75,24,15,24,1,0.78,0.45,0.42,0.42,0.491,0.478,1.9188306452,"2021-09-03 22:38:53",""
658,"UMBRELLA MAGNOLIA","N","MAGNOLIA","tripetala","","","MAGNOLIA TRIPETALA","MATR",41,47,NA,NA,3,33,151,8,0.79248,"","H","N",0.43,24,0.44,24,91.75,24,92.75,24,15,24,1,0.78,0.45,0.42,0.42,0.491,0.474,1.9188306452,"2021-09-03 22:38:53",""
660,"APPLE SPP.","N","MALUS","spp.","","","MALUS SP.","MALUS",43,47,NA,NA,4,37,221,8,0.84031,"","H","N",0.61,9,0.5,22,78,1,69.88,22,15,21,1,0.78,0.45,0.42,0.42,0.491,0.472,1.7711094891,"2021-09-03 22:38:52",""
661,"OREGON CRAB APPLE","N","MALUS","fusca","","","MALUS FUSCA","MAFU",43,47,NA,NA,4,29,221,8,0.96395,"","H","N",0.61,24,0.5,24,78,24,70,24,15,24,1,0.78,0.45,0.42,0.42,0.491,0.472,1.7712408759,"2021-09-03 22:38:53",""
662,"SOUTHERN CRAB APPLE","N","MALUS","angustifolia","","","MALUS ANGUSTIFOLIA","MAAN3",43,47,NA,NA,4,29,221,8,0.84031,"","H","N",0.61,24,0.5,24,78,24,70,24,15,24,1,0.78,0.45,0.42,0.42,0.491,0.472,1.7712408759,"2021-09-03 22:38:53",""
663,"SWEET CRAB APPLE","N","MALUS","coronaria","","","MALUS CORONARIA","MACO5",43,47,NA,NA,4,29,221,8,0.84031,"","H","N",0.61,24,0.5,24,78,24,70,24,15,24,1,0.78,0.45,0.42,0.42,0.491,0.472,1.7712408759,"2021-09-03 22:38:53",""
664,"PRAIRIE CRAB APPLE","N","MALUS","ioensis","","","MALUS IOENSIS","MAIO",43,47,NA,NA,4,29,221,8,0.84031,"","H","N",0.61,24,0.5,24,78,24,70,24,15,24,1,0.78,0.45,0.42,0.42,0.491,0.472,1.7712408759,"2021-09-03 22:38:53",""
680,"MULBERRY SPP.","N","MORUS","spp.","","","MORUS SP.","MORUS",42,47,54,NA,4,25,101,8,0.93185,"","H","N",0.52,26,0.53,26,75.13,26,80.49,26,15.16,26,1,0.78,0.45,0.42,0.42,0.491,0.475,1.758473594,"2021-09-03 22:38:52",""
681,"WHITE MULBERRY","N","MORUS","alba","","","MORUS ALBA","MOAL",42,47,54,54,4,25,101,8,0.93185,"","H","N",0.52,26,0.53,26,75.13,26,80.49,26,15.16,26,0.944,0.734,0.583,0.37,0.282,0.491,0.511,1.758473594,"2021-09-03 22:38:53",""
682,"RED MULBERRY","N","MORUS","rubra","","","MORUS RUBRA","MORU2",42,47,NA,NA,4,25,101,8,0.93185,"","H","N",0.52,26,0.53,26,75.13,26,80.49,26,15.16,26,1,0.78,0.45,0.42,0.42,0.491,0.475,1.758473594,"2021-09-03 22:38:53",""
683,"TEXAS MULBERRY","N","MORUS","microphylla","","","MORUS MICROPHYLLA","MOMI",42,47,NA,NA,4,25,101,8,0.93185,"","H","N",0.52,26,0.53,26,75.13,26,80.49,26,15.16,26,1,0.78,0.45,0.42,0.42,0.491,0.475,1.758473594,"2021-09-03 22:38:53",""
684,"BLACK MULBERRY","N","MORUS","nigra","","","MORUS NIGRA","MONI",43,47,54,NA,4,25,101,8,0.84031,"","H","N",0.52,26,0.53,26,75.13,26,80.49,26,15.16,26,1,0.78,0.45,0.42,0.42,0.491,0.475,1.758473594,"2021-09-03 22:38:53",""
690,"TUPELO SPP.","N","NYSSA","spp.","","","NYSSA SP.","NYSSA",35,47,NA,NA,3,31,221,8,0.84108,"","H","N",0.46,23,0.51,23,98,23,76.5,23,14,21,1,0.78,0.45,0.42,0.42,0.491,0.477,1.9511121566,"2021-09-03 22:38:52",""
691,"WATER TUPELO","N","NYSSA","aquatica","","","NYSSA AQUATICA","NYAQ2",35,47,NA,NA,3,31,112,8,0.84108,"","H","N",0.46,1,0.58,3,95.08696,16,82.36207,11,14,21,1,0.78,0.45,0.42,0.42,0.491,0.477,1.9317775625,"2021-09-03 22:38:53",""
692,"OGEECHEE TUPELO","N","NYSSA","ogeche","","","NYSSA OGECHE","NYOG",43,47,NA,NA,4,31,151,8,0.84031,"","H","N",0.46,24,0.51,24,98,24,76.5,24,14,24,0.944,0.734,0.583,0.37,0.282,0.491,0.477,1.9511121566,"2021-09-03 22:38:53",""
693,"BLACKGUM","N","NYSSA","sylvatica","","","NYSSA SYLVATICA","NYSY",35,47,NA,NA,3,31,113,8,0.84108,"","H","N",0.46,1,0.44,5,101,1,71.18182,11,14,33,0.944,0.734,0.583,0.37,0.282,0.491,0.451,1.9747852782,"2021-09-03 22:38:53",""
694,"SWAMP TUPELO","N","NYSSA","biflora","","","NYSSA BIFLORA","NYBI",35,47,NA,NA,3,31,114,8,0.84108,"","H","N",0.46,24,0.51,24,98,24,76.5,24,14,24,0.944,0.734,0.583,0.37,0.282,0.491,0.477,1.9511121566,"2021-09-03 22:38:53",""
701,"EASTERN HOPHORNBEAM","N","OSTRYA","virginiana","","","OSTRYA VIRGINIANA","OSVI",43,47,NA,NA,4,25,221,8,0.84031,"","H","N",0.63,11,0.5,22,52.61905,9,89.1,22,15,21,0.944,0.734,0.583,0.37,0.282,0.491,0.471,1.5650000213,"2021-09-03 22:38:53",""
711,"SOURWOOD","N","OXYDENDRUM","arboreum","","","OXYDENDRUM ARBOREUM","OXAR",43,47,NA,NA,4,25,101,8,0.84031,"","H","N",0.5,15,0.6,22,69.88,9,60.25,22,15,21,1,0.812,0.674,0.37,0.282,0.491,0.476,1.6841101695,"2021-09-03 22:38:53",""
712,"PAULOWNIA, EMPRESS-TREE","N","PAULOWNIA","tomentosa","","","PAULOWNIA TOMENTOSA","PATO2",41,47,NA,54,3,27,144,8,0.79248,"","H","N",0.52,26,0.53,26,75.13,26,80.49,26,15.16,26,1,0.78,0.45,0.42,0.42,0.491,0.475,1.758473594,"2021-09-03 22:38:53",""
715,"MAYTENUS PALAUICA","N","MAYTENUS","palauica","","","MAYTENUS PALAUICA","MAPA28",54,54,NA,54,3,37,NA,8,NA,"","H","N",0.75,NA,0.75,NA,NA,NA,NA,NA,NA,NA,NA,NA,NA,NA,NA,NA,0.467,1.76,"2021-09-03 22:38:53",""
718,"KESIAMEL","Y","OSMOXYLON","truncatum","","","OSMOXYLON TRUNCATUM","OSTR",54,54,NA,54,3,37,NA,8,NA,"","H","N",0.37,NA,0.37,NA,NA,NA,NA,NA,NA,NA,NA,NA,NA,NA,NA,NA,0.48,1.76,"2021-09-03 22:38:53",""
720,"BAY SPP.","N","PERSEA","spp.","","","PERSEA SP.","PERSE",43,47,54,54,3,33,221,8,0.84031,"","H","N",0.52,26,0.53,26,75.13,26,80.49,26,15.16,26,1,0.78,0.45,0.42,0.42,0.491,0.475,1.758473594,"2021-09-03 22:38:52",""
721,"REDBAY","N","PERSEA","borbonia","","","PERSEA BORBONIA","PEBO",41,47,NA,NA,3,33,127,8,0.79248,"","H","N",0.52,26,0.53,26,75.13,26,80.49,26,15.16,26,0.944,0.734,0.583,0.37,0.282,0.491,0.475,1.758473594,"2021-09-03 22:38:53",""
722,"WATER-ELM, PLANERTREE","N","PLANERA","aquatica","","","PLANERA AQUATICA","PLAQ",43,47,NA,NA,3,33,151,8,0.84031,"","H","N",0.52,26,0.53,26,75.13,26,80.49,26,15.16,26,1,0.78,0.45,0.42,0.42,0.491,0.475,1.758473594,"2021-09-03 22:38:53",""
729,"SYCAMORE SPP.","N","PLATANUS","spp.","","","PLATANUS SP.","PLATA",41,47,NA,NA,3,36,221,8,0.79248,"","H","N",0.46,25,0.6,25,81,25,84,25,8,25,1,0.78,0.45,0.42,0.42,0.491,0.477,1.8128346457,"2021-09-03 22:38:52",""
730,"CALIFORNIA SYCAMORE","N","PLATANUS","racemosa","","","PLATANUS RACEMOSA","PLRA",43,47,NA,NA,3,36,221,8,0.96395,"","H","N",0.46,25,0.6,25,81,25,84,25,8,25,0.944,0.734,0.583,0.37,0.282,0.491,0.477,1.8128346457,"2021-09-03 22:38:53",""
731,"AMERICAN SYCAMORE","N","PLATANUS","occidentalis","","","PLATANUS OCCIDENTALIS","PLOC",41,47,NA,NA,3,36,116,8,0.79248,"","H","N",0.46,1,0.6,5,81.15217,5,84.3,14,8,32,0.944,0.734,0.583,0.37,0.282,0.491,0.493,1.8144960276,"2021-09-03 22:38:53",""
732,"ARIZONA SYCAMORE","N","PLATANUS","wrightii","","","PLATANUS WRIGHTII","PLWR2",41,47,NA,NA,3,36,221,8,0.96395,"","H","N",0.46,25,0.6,25,81,25,84,25,8,25,1,0.78,0.45,0.42,0.42,0.491,0.477,1.8128346457,"2021-09-03 22:38:53",""
740,"COTTONWOOD AND POPLAR SPP.","N","POPULUS","spp.","","","POPULUS SP.","POPUL",37,44,NA,NA,3,36,221,6,0.69089,"","H","N",0.35,23,0.46,23,106.33,23,87.67,23,18.44,21,1,0.78,0.45,0.42,0.42,0.491,0.481,2.0268987011,"2021-09-03 22:38:52",""
741,"BALSAM POPLAR","N","POPULUS","balsamifera","","","POPULUS BALSAMIFERA","POBA2",37,44,NA,NA,3,32,117,6,0.69089,"X","H","N",0.31,1,0.5,8,106.77419,5,85.9,11,22,21,1,0.78,0.45,0.42,0.42,0.491,0.482,2.0130714024,"2021-09-03 22:38:53",""
742,"EASTERN COTTONWOOD","N","POPULUS","deltoides","","","POPULUS DELTOIDES","PODE3",37,44,NA,NA,3,36,118,6,0.69089,"X","H","N",0.37,1,0.38,5,116.56757,16,56.02632,22,22,30,1,0.78,0.45,0.42,0.42,0.491,0.468,2.0540961475,"2021-09-03 22:38:53",""
743,"BIGTOOTH ASPEN","N","POPULUS","grandidentata","","","POPULUS GRANDIDENTATA","POGR4",37,44,NA,NA,3,32,119,6,0.69089,"X","H","N",0.36,1,0.59,3,91.41667,5,90.13559,22,14.4,21,1,0.78,0.45,0.42,0.42,0.491,0.48,1.9117206249,"2021-09-03 22:38:53",""
744,"SWAMP COTTONWOOD","N","POPULUS","heterophylla","","","POPULUS HETEROPHYLLA","POHE4",37,44,NA,NA,3,36,118,6,0.69089,"","H","N",0.35,24,0.46,24,106.33,24,87.67,24,18.44,24,1,0.78,0.45,0.42,0.42,0.491,0.481,2.0268987011,"2021-09-03 22:38:53",""
745,"PLAINS COTTONWOOD","N","POPULUS","deltoides","","monilifera","POPULUS DELTOIDES SSP. MONILIFERA","PODEM",37,44,NA,NA,3,36,118,6,0.37756,"X","H","N",0.35,24,0.46,24,106.33,24,87.67,24,18.44,24,1,0.78,0.45,0.42,0.42,0.491,0.478,2.0268987011,"2021-09-03 22:38:55",""
746,"QUAKING ASPEN","N","POPULUS","tremuloides","","","POPULUS TREMULOIDES","POTR5",37,44,NA,NA,3,32,119,6,0.69089,"X","H","N",0.35,1,0.5,5,128.94286,16,101.92,18,14.4,27,1,0.78,0.45,0.42,0.42,0.491,0.479,2.2433232464,"2021-09-03 22:38:53",""
747,"BLACK COTTONWOOD","N","POPULUS","balsamifera","","trichocarpa","POPULUS BALSAMIFERA SSP. TRICHOCARPA","POBAT",37,44,NA,NA,4,36,137,6,0.37756,"X","H","N",0.31,1,0.4,5,137.80645,5,100.325,7,16.3,27,1,0.78,0.45,0.42,0.42,0.491,0.482,2.3129314899,"2021-09-03 22:38:55",""
748,"FREMONT COTTONWOOD","N","POPULUS","fremontii","","","POPULUS FREMONTII","POFR2",37,44,NA,NA,4,36,118,6,0.37756,"X","H","N",0.41,7,0.41,7,56.34146,22,91.53659,22,22,21,1,0.78,0.45,0.42,0.42,0.491,0.479,1.6268812279,"2021-09-03 22:38:53",""
749,"NARROWLEAF COTTONWOOD","N","POPULUS","angustifolia","","","POPULUS ANGUSTIFOLIA","POAN3",37,44,NA,NA,3,36,118,6,0.37756,"X","H","N",0.35,24,0.46,24,106.33,24,87.67,24,18.44,24,1,0.78,0.45,0.42,0.42,0.491,0.481,2.0268987011,"2021-09-03 22:38:53",""
752,"SILVER POPLAR","N","POPULUS","alba","","","POPULUS ALBA","POAL7",37,44,NA,NA,3,36,118,6,0.69089,"","H","N",0.35,24,0.46,24,106.33,24,87.67,24,18.44,24,1,0.78,0.45,0.42,0.42,0.491,0.481,2.0268987011,"2021-09-03 22:38:53",""
753,"LOMBARDY POPLAR","N","POPULUS","nigra","","","POPULUS NIGRA","PONI",37,44,NA,NA,3,36,146,6,0.69089,"","H","N",0.35,24,0.46,24,106.33,24,87.67,24,18.44,24,1,0.78,0.45,0.42,0.42,0.491,0.481,2.0268987011,"2021-09-03 22:38:53",""
755,"MESQUITE SPP.","N","PROSOPIS","spp.","","","PROSOPIS SP.","PROSO",48,48,54,54,4,38,157,10,0.65075,"","H","Y",0.78,19,0.65,22,21.21795,22,40.53846,22,15,21,1,0.78,0.45,0.42,0.42,0.491,0.466,1.2336467333,"2021-09-03 22:38:52",""
756,"HONEY MESQUITE ","N","PROSOPIS","glandulosa","","","PROSOPIS GLANDULOSA","PRGL2",48,48,NA,NA,4,38,157,10,0.65075,"","H","Y",0.78,24,0.65,24,21,24,41,24,15,24,1,0.78,0.45,0.42,0.42,0.491,0.459,1.2322222222,"2021-09-03 22:38:53",""
757,"VELVET MESQUITE","N","PROSOPIS","velutina","","","PROSOPIS VELUTINA","PRVE",48,48,NA,NA,4,38,157,10,0.65075,"","H","Y",0.78,24,0.65,24,21,24,41,24,15,24,1,0.78,0.45,0.42,0.42,0.491,0.466,1.2322222222,"2021-09-03 22:38:53",""
758,"SCREWBEAN MESQUITE","N","PROSOPIS","pubescens","","","PROSOPIS PUBESCENS","PRPU",48,48,NA,NA,4,38,157,10,0.65075,"","H","Y",0.78,24,0.65,24,21,24,41,24,15,24,1,0.78,0.45,0.42,0.42,0.491,0.466,1.2322222222,"2021-09-03 22:38:53",""
759,"SARGENT CHERRY","N","PRUNUS","sargentii","","","PRUNUS SARGENTII","PRSA5",55,55,NA,NA,3,NA,NA,8,0.84,"","H","N",0.47,24,0.63,24,53,24,91,24,9.2,24,NA,NA,NA,NA,NA,NA,0.467,1.76,"2024-02-01 13:08:20",""
760,"CHERRY AND PLUM SPP.","N","PRUNUS","spp.","","","PRUNUS SP.","PRUNU",43,47,54,NA,4,37,221,8,0.84031,"","H","N",0.47,23,0.63,23,53,23,91,23,9.19,21,1,0.78,0.45,0.42,0.42,0.491,0.477,1.5716764255,"2021-09-03 22:38:52",""
761,"PIN CHERRY","N","PRUNUS","pensylvanica","","","PRUNUS PENSYLVANICA","PRPE2",43,47,NA,NA,3,25,154,8,0.84031,"","H","N",0.47,24,0.63,24,53,24,91,24,9.19,24,1,0.78,0.45,0.42,0.42,0.491,0.477,1.5716764255,"2021-09-03 22:38:53",""
762,"BLACK CHERRY","N","PRUNUS","serotina","","","PRUNUS SEROTINA","PRSE2",41,47,NA,NA,3,33,121,8,0.79248,"X","H","N",0.47,1,0.63,3,53.44681,16,90.77778,22,9.2,34,1,0.78,0.45,0.42,0.42,0.491,0.477,1.5754504286,"2021-09-03 22:38:53",""
763,"CHOKECHERRY","N","PRUNUS","virginiana","","","PRUNUS VIRGINIANA","PRVI",43,47,NA,NA,4,25,221,8,0.84031,"","H","N",0.47,24,0.63,24,53,24,91,24,9.19,24,1,0.968,0.668,0.37,0.282,0.491,0.477,1.5716764255,"2021-09-03 22:38:53",""
764,"PEACH","N","PRUNUS","persica","","","PRUNUS PERSICA","PRPE3",43,47,NA,54,3,25,221,8,0.84031,"","H","N",0.47,24,0.63,24,53,24,91,24,9.19,24,1,0.78,0.45,0.42,0.42,0.491,0.477,1.5716764255,"2021-09-03 22:38:53",""
765,"CANADA PLUM","N","PRUNUS","nigra","","","PRUNUS NIGRA","PRNI",43,47,NA,NA,4,25,221,8,0.84031,"","H","N",0.47,24,0.63,24,53,24,91,24,9.19,24,1,0.968,0.668,0.37,0.282,0.491,0.477,1.5716764255,"2021-09-03 22:38:53",""
766,"AMERICAN PLUM","N","PRUNUS","americana","","","PRUNUS AMERICANA","PRAM",43,47,NA,NA,4,25,221,8,0.84031,"","H","N",0.47,24,0.63,24,53,24,91,24,9.19,24,1,0.968,0.668,0.37,0.282,0.491,0.477,1.5716764255,"2021-09-03 22:38:53",""
767,"WINTER-FLOWERING CHERRY","N","PRUNUS","subhirtella","","","PRUNUS SUBHIRTELLA","PRSU4",55,55,NA,NA,3,NA,NA,8,0.84,"","H","N",0.47,24,0.63,24,53,24,91,24,9.2,24,NA,NA,NA,NA,NA,NA,0.477,1.76,"2021-09-03 22:39:04","2024-02-01 13:08:21"
768,"BITTER CHERRY","N","PRUNUS","emarginata","","","PRUNUS EMARGINATA","PREM",43,47,NA,NA,4,25,221,8,0.96395,"","H","N",0.47,24,0.63,24,53,24,91,24,9.19,24,1,0.78,0.45,0.42,0.42,0.491,0.477,1.5716764255,"2021-09-03 22:38:53",""
769,"ALLEGHENY PLUM","N","PRUNUS","alleghaniensis","","","PRUNUS ALLEGHANIENSIS","PRAL5",43,47,NA,NA,3,33,221,8,0.84031,"","H","N",0.47,24,0.63,24,53,24,91,24,9.19,24,1,0.78,0.45,0.42,0.42,0.491,0.477,1.5716764255,"2021-09-03 22:38:53",""
770,"CHICKASAW PLUM","N","PRUNUS","angustifolia","","","PRUNUS ANGUSTIFOLIA","PRAN3",43,47,NA,NA,3,33,221,8,0.84031,"","H","N",0.47,24,0.63,24,53,24,91,24,9.19,24,1,0.78,0.45,0.42,0.42,0.491,0.477,1.5716764255,"2021-09-03 22:38:53",""
771,"SWEET CHERRY","N","PRUNUS","avium","","","PRUNUS AVIUM","PRAV",43,47,NA,NA,3,33,221,8,0.84031,"","H","N",0.47,24,0.63,24,53,24,91,24,9.19,24,1,0.78,0.45,0.42,0.42,0.491,0.505,1.5716764255,"2021-09-03 22:38:53",""
772,"SOUR CHERRY","N","PRUNUS","cerasus","","","PRUNUS CERASUS","PRCE",43,47,NA,NA,3,33,221,8,0.84031,"","H","N",0.47,24,0.63,24,53,24,91,24,9.19,24,1,0.78,0.45,0.42,0.42,0.491,0.477,1.5716764255,"2021-09-03 22:38:53",""
773,"EUROPEAN PLUM","N","PRUNUS","domestica","","","PRUNUS DOMESTICA","PRDO",43,47,NA,NA,3,33,221,8,0.84031,"","H","N",0.47,24,0.63,24,53,24,91,24,9.19,24,1,0.78,0.45,0.42,0.42,0.491,0.477,1.5716764255,"2021-09-03 22:38:53",""
774,"MAHALEB CHERRY","N","PRUNUS","mahaleb","","","PRUNUS MAHALEB","PRMA",43,47,NA,NA,3,33,221,8,0.84031,"","H","N",0.47,24,0.63,24,53,24,91,24,9.19,24,1,0.78,0.45,0.42,0.42,0.491,0.477,1.5716764255,"2021-09-03 22:38:53",""
800,"OAK SPP.","N","QUERCUS","spp.","","","QUERCUS SP.","QUERC",42,48,NA,54,4,37,221,9,0.93185,"","H","N",0.59,23,0.58,23,75.27,23,83,23,19.12,21,1,0.78,0.45,0.42,0.42,0.491,0.472,1.7649304319,"2021-09-03 22:38:52",""
801,"CALIFORNIA LIVE OAK","N","QUERCUS","agrifolia","","","QUERCUS AGRIFOLIA","QUAG",43,46,NA,NA,4,29,138,9,0.77351,"","H","N",0.59,24,0.58,24,75.27,24,83,24,19.12,24,0.981,0.779,0.665,0.416,0.428,0.491,0.444,1.7649304319,"2021-09-03 22:38:53",""
802,"WHITE OAK","N","QUERCUS","alba","","","QUERCUS ALBA","QUAL",25,47,NA,NA,4,29,81,9,0.76989,"X","H","N",0.6,1,0.56,5,68.26667,5,88.875,17,16,36,0.973,0.746,0.558,0.28,0.428,0.491,0.496,1.7094431845,"2021-09-03 22:38:53",""
803,"ARIZONA WHITE OAK","N","QUERCUS","arizonica","","","QUERCUS ARIZONICA","QUAR",48,48,NA,NA,4,38,210,10,0.65075,"","H","Y",0.59,24,0.58,24,75.27,24,83,24,19.12,24,0.981,0.779,0.665,0.416,0.428,0.491,0.472,1.7649304319,"2021-09-03 22:38:53",""
804,"SWAMP WHITE OAK","N","QUERCUS","bicolor","","","QUERCUS BICOLOR","QUBI",25,47,NA,NA,4,29,222,9,0.76989,"","H","N",0.64,1,0.55,22,57.75,5,89.4,22,16,21,0.981,0.779,0.665,0.416,0.428,0.491,0.471,1.6157582418,"2021-09-03 22:38:53",""
805,"CANYON LIVE OAK","N","QUERCUS","chrysolepis","","","QUERCUS CHRYSOLEPIS","QUCH2",43,46,NA,NA,4,29,142,9,0.77351,"","H","N",0.7,7,0.64,6,73.98571,5,90.29688,22,16,21,1,0.78,0.45,0.42,0.42,0.491,0.469,1.76067295,"2021-09-03 22:38:53",""
806,"SCARLET OAK","N","QUERCUS","coccinea","","","QUERCUS COCCINEA","QUCO2",28,47,NA,NA,4,29,82,9,0.77993,"X","H","N",0.6,1,0.71,3,70.93333,5,48.97183,14,22,21,1,0.78,0.45,0.42,0.42,0.491,0.472,1.6639698208,"2021-09-03 22:38:53",""
807,"BLUE OAK","N","QUERCUS","douglasii","","","QUERCUS DOUGLASII","QUDO",43,46,NA,NA,4,29,134,9,0.77351,"","H","N",0.59,24,0.58,24,75.27,24,83,24,19.12,24,0.981,0.779,0.665,0.416,0.428,0.491,0.472,1.7649304319,"2021-09-03 22:38:53",""
808,"DURAND OAK","N","QUERCUS","sinuata","sinuata","","QUERCUS SINUATA VAR. SINUATA","QUSIS",25,47,NA,NA,4,29,89,9,0.76989,"","H","N",0.59,24,0.58,24,75.27,24,83,24,19.12,24,1,0.78,0.45,0.42,0.42,0.491,0.472,1.7649304319,"2021-09-03 22:38:55",""
809,"NORTHERN PIN OAK","N","QUERCUS","ellipsoidalis","","","QUERCUS ELLIPSOIDALIS","QUEL",28,47,NA,NA,4,29,211,9,0.77993,"","H","N",0.59,24,0.58,24,75.27,24,83,24,19.12,24,0.981,0.779,0.665,0.416,0.428,0.491,0.472,1.7649304319,"2021-09-03 22:38:53",""
810,"EMORY OAK","N","QUERCUS","emoryi","","","QUERCUS EMORYI","QUEM",48,48,NA,NA,4,38,210,10,0.65075,"","H","Y",0.59,24,0.58,24,75.27,24,83,24,19.12,24,0.981,0.779,0.665,0.416,0.428,0.491,0.472,1.7649304319,"2021-09-03 22:38:53",""
811,"ENGELMANN OAK","N","QUERCUS","engelmannii","","","QUERCUS ENGELMANNII","QUEN",43,46,NA,NA,4,38,210,9,0.77351,"","H","N",0.59,24,0.58,24,75.27,24,83,24,19.12,24,0.981,0.779,0.665,0.416,0.428,0.491,0.472,1.7649304319,"2021-09-03 22:38:53",""
812,"SOUTHERN RED OAK","N","QUERCUS","falcata","","","QUERCUS FALCATA","QUFA",28,47,NA,NA,4,29,88,9,0.77993,"X","H","N",0.52,1,0.68,3,97.23077,5,48.47059,14,22,36,0.981,0.779,0.665,0.416,0.428,0.491,0.475,1.8633691855,"2021-09-03 22:38:53",""
813,"CHERRYBARK OAK","N","QUERCUS","pagoda","","","QUERCUS PAGODA","QUPA5",26,47,NA,NA,4,29,87,9,0.81068,"X","H","N",0.61,1,0.63,6,68.13115,5,90.77778,17,22,21,1,0.78,0.45,0.42,0.42,0.491,0.472,1.7232407402,"2021-09-03 22:38:53",""
814,"GAMBEL OAK","N","QUERCUS","gambelii","","","QUERCUS GAMBELII","QUGA",48,48,NA,NA,4,38,158,10,0.65075,"","H","Y",0.61,10,0.63,22,65.5082,5,65.61208,22,22,21,0.981,0.779,0.665,0.416,0.428,0.491,0.423,1.6552743293,"2021-09-03 22:38:53",""
815,"OREGON WHITE OAK","N","QUERCUS","garryana","","","QUERCUS GARRYANA","QUGA4",43,46,NA,NA,4,29,140,9,0.77351,"","H","N",0.64,11,0.63,7,57.75,5,65.34921,22,16,21,1,0.78,0.45,0.42,0.42,0.491,0.471,1.5878401778,"2021-09-03 22:38:53",""
816,"SCRUB OAK","N","QUERCUS","ilicifolia","","","QUERCUS ILICIFOLIA","QUIL",43,47,NA,NA,4,29,89,9,0.84031,"","H","N",0.59,24,0.58,24,75.27,24,83,24,19.12,24,0.981,0.779,0.665,0.416,0.428,0.491,0.472,1.7649304319,"2021-09-03 22:38:53",""
817,"SHINGLE OAK","N","QUERCUS","imbricaria","","","QUERCUS IMBRICARIA","QUIM",28,47,NA,NA,4,29,202,9,0.77993,"X","H","N",0.59,24,0.58,24,75.27,24,83,24,19.12,24,0.981,0.779,0.665,0.416,0.428,0.491,0.472,1.7649304319,"2021-09-03 22:38:53",""
818,"CALIFORNIA BLACK OAK","N","QUERCUS","kelloggii","","","QUERCUS KELLOGGII","QUKE",43,46,NA,NA,4,29,139,9,0.77351,"","H","N",0.51,15,0.45,6,101.09804,5,88.75556,22,22,21,0.981,0.779,0.665,0.416,0.428,0.491,0.475,1.99091627,"2021-09-03 22:38:53",""
819,"TURKEY OAK","N","QUERCUS","laevis","","","QUERCUS LAEVIS","QULA2",43,47,NA,NA,4,29,89,9,0.84031,"","H","N",0.59,24,0.58,24,75.27,24,83,24,19.12,24,0.981,0.779,0.665,0.416,0.428,0.491,0.472,1.7649304319,"2021-09-03 22:38:53",""
820,"LAUREL OAK","N","QUERCUS","laurifolia","","","QUERCUS LAURIFOLIA","QULA3",28,47,NA,NA,4,29,201,9,0.77993,"","H","N",0.56,1,0.5,22,83.14286,5,121.16,13,16,21,1,0.78,0.45,0.42,0.42,0.491,0.473,1.878950025,"2021-09-03 22:38:53",""
821,"CALIFORNIA WHITE OAK","N","QUERCUS","lobata","","","QUERCUS LOBATA","QULO",43,46,NA,NA,4,29,226,9,0.77351,"","H","N",0.55,7,0.55,7,83.56364,5,89.4,22,16,21,0.981,0.779,0.665,0.416,0.428,0.491,0.474,1.8436865517,"2021-09-03 22:38:53",""
822,"OVERCUP OAK","N","QUERCUS","lyrata","","","QUERCUS LYRATA","QULY",27,47,NA,NA,4,29,128,9,0.72243,"","H","N",0.57,1,0.51,6,77.12281,5,88.52941,22,22,21,0.981,0.779,0.665,0.416,0.428,0.491,0.473,1.7899882953,"2021-09-03 22:38:53",""
823,"BUR OAK","N","QUERCUS","macrocarpa","","","QUERCUS MACROCARPA","QUMA2",25,47,NA,NA,4,29,83,9,0.76989,"","H","N",0.58,1,0.54,3,74.06897,5,89.92593,22,16,21,0.981,0.779,0.665,0.416,0.428,0.491,0.473,1.7612485437,"2021-09-03 22:38:53",""
824,"BLACKJACK OAK","N","QUERCUS","marilandica","","","QUERCUS MARILANDICA","QUMA3",28,47,NA,NA,4,29,206,9,0.77993,"","H","N",0.59,24,0.58,24,75.27,24,83,24,19.12,24,1,0.78,0.45,0.42,0.42,0.491,0.472,1.7649304319,"2021-09-03 22:38:53",""
825,"SWAMP CHESTNUT OAK","N","QUERCUS","michauxii","","","QUERCUS MICHAUXII","QUMI",25,47,NA,NA,4,29,87,9,0.76989,"","H","N",0.6,1,0.51,6,68.26667,5,88.52941,22,23,21,0.981,0.779,0.665,0.416,0.428,0.491,0.472,1.7158023392,"2021-09-03 22:38:53",""
826,"CHINKAPIN OAK","N","QUERCUS","muehlenbergii","","","QUERCUS MUEHLENBERGII","QUMU",25,47,NA,NA,4,29,207,9,0.76989,"","H","N",0.59,24,0.58,24,75.27,24,83,24,19.12,24,0.981,0.779,0.665,0.416,0.428,0.491,0.472,1.7649304319,"2021-09-03 22:38:53",""
827,"WATER OAK","N","QUERCUS","nigra","","","QUERCUS NIGRA","QUNI",28,47,NA,NA,4,29,204,9,0.77993,"X","H","N",0.56,1,0.62,6,83.14286,5,73.17742,13,16,21,0.981,0.779,0.665,0.416,0.428,0.491,0.473,1.8164320641,"2021-09-03 22:38:53",""
828,"NUTTALL OAK","N","QUERCUS","texana","","","QUERCUS TEXANA","QUTE",28,47,NA,NA,4,29,143,9,0.77993,"","H","N",0.59,24,0.58,24,75.27,24,83,24,19.12,24,1,0.78,0.45,0.42,0.42,0.491,0.472,1.7649304319,"2021-09-03 22:38:53",""
829,"MEXICAN BLUE OAK","N","QUERCUS","oblongifolia","","","QUERCUS OBLONGIFOLIA","QUOB",48,48,NA,NA,4,38,210,10,0.65075,"","H","Y",0.59,24,0.58,24,75.27,24,83,24,19.12,24,0.981,0.779,0.665,0.416,0.428,0.491,0.472,1.7649304319,"2021-09-03 22:38:53",""
830,"PIN OAK","N","QUERCUS","palustris","","","QUERCUS PALUSTRIS","QUPA2",28,47,NA,NA,4,29,205,9,0.77993,"X","H","N",0.58,1,0.6,6,76.82759,5,89.63333,17,22,21,1,0.78,0.45,0.42,0.42,0.491,0.473,1.7920168787,"2021-09-03 22:38:53",""
831,"WILLOW OAK","N","QUERCUS","phellos","","","QUERCUS PHELLOS","QUPH",28,47,NA,NA,4,29,125,9,0.77993,"","H","N",0.56,1,0.59,3,83.14286,5,90.13559,22,16,21,0.981,0.779,0.665,0.416,0.428,0.491,0.473,1.8415159122,"2021-09-03 22:38:53",""
832,"CHESTNUT OAK","N","QUERCUS","prinus","","","QUERCUS PRINUS","QUPR2",27,47,NA,NA,4,29,84,9,0.72243,"X","H","N",0.57,1,0.54,3,77.12281,5,60.25926,14,23,36,1,0.78,0.45,0.42,0.42,0.491,0.473,1.741057358,"2021-09-03 22:38:53",""
833,"NORTHERN RED OAK","N","QUERCUS","rubra","","","QUERCUS RUBRA","QURU",26,47,NA,NA,4,29,85,9,0.81068,"X","H","N",0.56,1,0.68,5,83.14286,5,90.89706,17,20,35,0.991,0.795,0.69,0.416,0.428,0.491,0.478,1.8465804851,"2021-09-03 22:38:53",""
834,"SHUMARD OAK","N","QUERCUS","shumardii","","","QUERCUS SHUMARDII","QUSH",26,47,NA,NA,4,29,87,9,0.81068,"","H","N",0.59,24,0.58,24,75.27,24,83,24,19.12,24,0.981,0.779,0.665,0.416,0.428,0.491,0.472,1.7649304319,"2021-09-03 22:38:53",""
835,"POST OAK","N","QUERCUS","stellata","","","QUERCUS STELLATA","QUST",27,47,NA,NA,4,29,86,9,0.72243,"X","H","N",0.6,1,0.51,3,70.93333,5,88.52941,17,22,21,0.981,0.779,0.665,0.416,0.428,0.491,0.472,1.7370541674,"2021-09-03 22:38:53",""
836,"DELTA POST OAK","N","QUERCUS","similis","","","QUERCUS SIMILIS","QUSI2",27,47,NA,NA,4,29,87,9,0.72243,"","H","N",0.59,24,0.58,24,75.27,24,83,24,19.12,24,0.981,0.779,0.665,0.416,0.428,0.491,0.472,1.7649304319,"2021-09-03 22:38:53",""
837,"BLACK OAK","N","QUERCUS","velutina","","","QUERCUS VELUTINA","QUVE",28,47,NA,NA,4,29,120,9,0.77993,"X","H","N",0.56,1,0.6,3,83.14286,5,89.63333,17,18.5,34,0.981,0.648,0.809,0.416,0.428,0.491,0.473,1.8421654431,"2021-09-03 22:38:53",""
838,"LIVE OAK","N","QUERCUS","virginiana","","","QUERCUS VIRGINIANA","QUVI",27,47,NA,NA,4,29,203,9,0.72243,"","H","N",0.8,1,0.51,6,52.2375,5,88.52941,22,16,21,0.981,0.779,0.665,0.416,0.428,0.491,0.48,1.555966423,"2021-09-03 22:38:53",""
839,"INTERIOR LIVE OAK","N","QUERCUS","wislizeni","","","QUERCUS WISLIZENI","QUWI2",43,46,NA,NA,4,29,225,9,0.77351,"","H","N",0.59,24,0.58,24,75.27,24,83,24,19.12,24,1,0.78,0.45,0.42,0.42,0.491,0.472,1.7649304319,"2021-09-03 22:38:53",""
840,"DWARF POST OAK","N","QUERCUS","margarettiae","","","QUERCUS MARGARETTIAE","QUMA6",27,47,NA,NA,4,29,86,9,0.72243,"","H","N",0.59,24,0.58,24,75.27,24,83,24,19.12,24,1,0.78,0.45,0.42,0.42,0.491,0.472,1.7649304319,"2021-09-03 22:38:53",""
841,"DWARF LIVE OAK","N","QUERCUS","minima","","","QUERCUS MINIMA","QUMI2",27,47,NA,NA,4,29,89,9,0.72243,"","H","N",0.59,24,0.58,24,75.27,24,83,24,19.12,24,1,0.78,0.45,0.42,0.42,0.491,0.472,1.7649304319,"2021-09-03 22:38:53",""
842,"BLUEJACK OAK","N","QUERCUS","incana","","","QUERCUS INCANA","QUIN",43,47,NA,NA,4,29,89,9,0.84031,"","H","N",0.59,24,0.58,24,75.27,24,83,24,19.12,24,1,0.78,0.45,0.42,0.42,0.491,0.472,1.7649304319,"2021-09-03 22:38:53",""
843,"SILVERLEAF OAK","N","QUERCUS","hypoleucoides","","","QUERCUS HYPOLEUCOIDES","QUHY",48,48,NA,NA,4,38,210,10,0.65075,"","H","Y",0.59,24,0.58,24,75.27,24,83,24,19.12,24,0.981,0.779,0.665,0.416,0.428,0.491,0.472,1.7649304319,"2021-09-03 22:38:53",""
844,"OGLETHORPE OAK","N","QUERCUS","oglethorpensis","","","QUERCUS OGLETHORPENSIS","QUOG",27,47,NA,NA,4,29,151,9,0.72243,"","H","N",0.59,24,0.58,24,75.27,24,83,24,19.12,24,1,0.78,0.45,0.42,0.42,0.491,0.472,1.7649304319,"2021-09-03 22:38:53",""
845,"DWARF CHINKAPIN OAK","N","QUERCUS","prinoides","","","QUERCUS PRINOIDES","QUPR",43,47,NA,NA,4,29,207,9,0.84031,"","H","N",0.59,24,0.58,24,75.27,24,83,24,19.12,24,1,0.78,0.45,0.42,0.42,0.491,0.472,1.7649304319,"2021-09-03 22:38:53",""
846,"GRAY OAK","N","QUERCUS","grisea","","","QUERCUS GRISEA","QUGR3",48,48,NA,NA,4,38,210,10,0.65075,"","H","Y",0.59,24,0.58,24,75.27,24,83,24,19.12,24,1,0.78,0.45,0.42,0.42,0.491,0.472,1.7649304319,"2021-09-03 22:38:53",""
847,"NETLEAF OAK","N","QUERCUS","rugosa","","","QUERCUS RUGOSA","QURU4",48,48,NA,NA,4,38,210,10,0.65075,"","H","Y",0.59,24,0.58,24,75.27,24,83,24,19.12,24,1,0.78,0.45,0.42,0.42,0.491,0.465,1.7649304319,"2021-09-03 22:38:53",""
851,"CHISOS OAK","N","QUERCUS","graciliformis","","","QUERCUS GRACILIFORMIS","QUGR",26,47,NA,NA,4,29,221,9,0.65075,"","H","N",0.59,24,0.58,24,75.27,24,83,24,19.12,24,1,0.78,0.45,0.42,0.42,0.491,0.487,1.7649304319,"2021-09-03 22:38:53",""
852,"SEA TORCHWOOD","N","AMYRIS","elemifera","","","AMYRIS ELEMIFERA","AMEL",43,47,54,NA,3,37,227,8,0.84031,"","H","N",0.52,26,0.53,26,75.13,26,80.49,26,15.16,26,1,0.78,0.45,0.42,0.42,0.491,0.475,1.758473594,"2021-09-03 22:38:53",""
853,"POND-APPLE","N","ANNONA","glabra","","","ANNONA GLABRA","ANGL4",43,47,54,NA,3,37,227,8,0.84031,"","H","N",0.52,26,0.53,26,75.13,26,80.49,26,15.16,26,1,0.78,0.45,0.42,0.42,0.491,0.475,1.758473594,"2021-09-03 22:38:53",""
854,"GUMBO LIMBO","N","BURSERA","simaruba","","","BURSERA SIMARUBA","BUSI",43,47,54,NA,3,37,227,8,0.84031,"","H","N",0.52,26,0.53,26,75.13,26,80.49,26,15.16,26,1,0.78,0.45,0.42,0.42,0.491,0.44,1.758473594,"2021-09-03 22:38:53",""
855,"SHEOAK SPP.","N","CASUARINA","spp.","","","CASUARINA SP.","CASUA",43,47,54,54,3,37,227,8,0.84031,"","H","N",0.52,26,0.53,26,75.13,26,80.49,26,15.16,26,1,0.78,0.45,0.42,0.42,0.491,0.475,1.758473594,"2021-09-03 22:38:52",""
856,"GRAY SHEOAK","N","CASUARINA","glauca","","","CASUARINA GLAUCA","CAGL11",43,47,54,54,3,37,227,8,0.84031,"","H","N",0.52,26,0.53,26,75.13,26,80.49,26,15.16,26,1,0.78,0.45,0.42,0.42,0.491,0.475,1.758473594,"2021-09-03 22:38:53",""
857,"BELAH","N","CASUARINA","lepidophloia","","","CASUARINA LEPIDOPHLOIA","CALE28",43,47,54,NA,3,37,227,8,0.84031,"","H","N",0.52,26,0.53,26,75.13,26,80.49,26,15.16,26,1,0.78,0.45,0.42,0.42,0.491,0.475,1.758473594,"2021-09-03 22:38:53",""
858,"CAMPHORTREE","N","CINNAMOMUM","camphora","","","CINNAMOMUM CAMPHORA","CICA",43,47,54,54,3,37,227,8,0.93185,"","H","N",0.52,26,0.53,26,75.13,26,80.49,26,15.16,26,1,0.78,0.45,0.42,0.42,0.491,0.475,1.758473594,"2021-09-03 22:38:53",""
859,"FLORIDA FIDDLEWOOD","N","CITHAREXYLUM","fruticosum","","","CITHAREXYLUM FRUTICOSUM","CIFR",43,47,54,NA,3,37,227,8,0.84031,"","H","N",0.52,26,0.53,26,75.13,26,80.49,26,15.16,26,1,0.78,0.45,0.42,0.42,0.491,0.475,1.758473594,"2021-09-03 22:38:53",""
860,"CITRUS SPP.","N","CITRUS","spp.","","","CITRUS SP.","CITRU2",43,47,54,54,3,37,227,8,0.84031,"","H","N",0.52,26,0.53,26,75.13,26,80.49,26,15.16,26,1,0.78,0.45,0.42,0.42,0.491,0.475,1.758473594,"2021-09-03 22:38:52",""
863,"TIETONGUE, PIGEON-PLUM","N","COCCOLOBA","diversifolia","","","COCCOLOBA DIVERSIFOLIA","CODI8",43,47,54,NA,3,37,227,8,0.84031,"","H","N",0.52,26,0.53,26,75.13,26,80.49,26,15.16,26,1,0.78,0.45,0.42,0.42,0.491,0.475,1.758473594,"2021-09-03 22:38:53",""
864,"SOLDIERWOOD","N","COLUBRINA","elliptica","","","COLUBRINA ELLIPTICA","COEL2",43,47,54,NA,3,37,227,8,0.84031,"","H","N",0.52,26,0.53,26,75.13,26,80.49,26,15.16,26,1,0.78,0.45,0.42,0.42,0.491,0.475,1.758473594,"2021-09-03 22:38:53",""
865,"LARGELEAF GEIGERTREE","N","CORDIA","sebestena","","","CORDIA SEBESTENA","COSE2",43,47,54,54,3,37,227,8,0.84031,"","H","N",0.52,26,0.53,26,75.13,26,80.49,26,15.16,26,1,0.78,0.45,0.42,0.42,0.491,0.475,1.758473594,"2021-09-03 22:38:53",""
866,"CARROTWOOD","N","CUPANIOPSIS","anacardioides","","","CUPANIOPSIS ANACARDIOIDES","CUAN4",43,47,NA,NA,3,37,227,8,0.84031,"","H","N",0.52,26,0.53,26,75.13,26,80.49,26,15.16,26,1,0.78,0.45,0.42,0.42,0.491,0.475,1.758473594,"2021-09-03 22:38:53",""
867,"BLUEWOOD","N","CONDALIA","hookeri","","","CONDALIA HOOKERI","COHO",48,48,NA,NA,4,29,160,10,0.84031,"","H","Y",0.52,26,0.53,26,75.13,26,80.49,26,15.16,26,1,0.78,0.45,0.42,0.42,0.491,0.425,1.758473594,"2021-09-03 22:38:53",""
868,"BLACKBEAD EBONY","N","EBENOPSIS","ebano","","","EBENOPSIS EBANO","EBEB",42,47,NA,NA,4,29,122,8,0.84031,"","H","N",0.52,26,0.53,26,75.13,26,80.49,26,15.16,26,1,0.78,0.45,0.42,0.42,0.491,0.443,1.758473594,"2021-09-03 22:38:53",""
869,"GREAT LEUCAENE","N","LEUCAENA","pulverulenta","","","LEUCAENA PULVERULENTA","LEPU3",43,47,NA,NA,3,36,221,8,0.84031,"","H","N",0.52,26,0.53,26,75.13,26,80.49,26,15.16,26,1,0.78,0.45,0.42,0.42,0.491,0.475,1.758473594,"2021-09-03 22:38:53",""
870,"TEXAS SOPHORA","N","SOPHORA","affinis","","","SOPHORA AFFINIS","SOAF",42,47,NA,NA,4,29,221,8,0.84031,"","H","N",0.52,26,0.53,26,75.13,26,80.49,26,15.16,26,1,0.78,0.45,0.42,0.42,0.491,0.475,1.758473594,"2021-09-03 22:38:53",""
873,"RED STOPPER","N","EUGENIA","rhombea","","","EUGENIA RHOMBEA","EURH",43,47,54,NA,3,37,227,8,0.84031,"","H","N",0.52,26,0.53,26,75.13,26,80.49,26,15.16,26,1,0.78,0.45,0.42,0.42,0.491,0.475,1.758473594,"2021-09-03 22:38:53",""
874,"BUTTERBOUGH, INKWOOD","N","EXOTHEA","paniculata","","","EXOTHEA PANICULATA","EXPA",43,47,54,NA,3,37,227,8,0.84031,"","H","N",0.52,26,0.53,26,75.13,26,80.49,26,15.16,26,1,0.78,0.45,0.42,0.42,0.491,0.475,1.758473594,"2021-09-03 22:38:53",""
876,"FLORIDA STRANGLER FIG","N","FICUS","aurea","","","FICUS AUREA","FIAU",43,47,NA,NA,3,37,227,8,0.84031,"","H","N",0.52,26,0.53,26,75.13,26,80.49,26,15.16,26,1,0.78,0.45,0.42,0.42,0.491,0.475,1.758473594,"2021-09-03 22:38:53",""
877,"WILD BANYANTREE, SHORTLEAF FIG","N","FICUS","citrifolia","","","FICUS CITRIFOLIA","FICI",43,47,54,NA,3,37,227,8,0.84031,"","H","N",0.52,26,0.53,26,75.13,26,80.49,26,15.16,26,1,0.78,0.45,0.42,0.42,0.491,0.475,1.758473594,"2021-09-03 22:38:53",""
882,"BEEFTREE, LONGLEAF BLOLLY","N","GUAPIRA","discolor","","","GUAPIRA DISCOLOR","GUDI",43,47,54,NA,3,37,227,8,0.84031,"","H","N",0.52,26,0.53,26,75.13,26,80.49,26,15.16,26,1,0.78,0.45,0.42,0.42,0.491,0.475,1.758473594,"2021-09-03 22:38:53",""
883,"MANCHINEEL","N","HIPPOMANE","mancinella","","","HIPPOMANE MANCINELLA","HIMA2",43,47,54,NA,3,37,227,8,0.84031,"","H","N",0.52,26,0.53,26,75.13,26,80.49,26,15.16,26,1,0.78,0.45,0.42,0.42,0.491,0.475,1.758473594,"2021-09-03 22:38:53",""
884,"FALSE TAMARIND","N","LYSILOMA","latisiliquum","","","LYSILOMA LATISILIQUUM","LYLA3",43,47,54,NA,3,37,227,8,0.84031,"","H","N",0.52,26,0.53,26,75.13,26,80.49,26,15.16,26,1,0.78,0.45,0.42,0.42,0.491,0.464,1.758473594,"2021-09-03 22:38:53",""
885,"MANGO","Y","MANGIFERA","indica","","","MANGIFERA INDICA","MAIN3",43,47,54,54,3,37,227,8,0.84031,"","H","N",0.52,26,0.53,26,75.13,26,80.49,26,15.16,26,1,0.78,0.45,0.42,0.42,0.491,0.475,1.758473594,"2021-09-03 22:38:53",""
886,"FLORIDA POISONTREE","N","METOPIUM","toxiferum","","","METOPIUM TOXIFERUM","METO3",43,47,54,NA,3,37,227,8,0.84031,"","H","N",0.52,26,0.53,26,75.13,26,80.49,26,15.16,26,1,0.78,0.45,0.42,0.42,0.491,0.475,1.758473594,"2021-09-03 22:38:53",""
887,"FISHPOISON TREE","N","PISCIDIA","piscipula","","","PISCIDIA PISCIPULA","PIPI3",43,47,NA,54,3,37,227,8,0.84031,"","H","N",0.52,26,0.53,26,75.13,26,80.49,26,15.16,26,1,0.78,0.45,0.42,0.42,0.491,0.434,1.758473594,"2021-09-03 22:38:53",""
888,"OCTOPUS TREE, SCHEFFLERA","N","SCHEFFLERA","actinophylla","","","SCHEFFLERA ACTINOPHYLLA","SCAC2",43,47,54,54,3,37,227,8,0.84031,"","H","N",0.52,26,0.53,26,75.13,26,80.49,26,15.16,26,1,0.78,0.45,0.42,0.42,0.491,0.475,1.758473594,"2021-09-03 22:38:53",""
890,"FALSE MASTIC","N","SIDEROXYLON","foetidissimum","","","SIDEROXYLON FOETIDISSIMUM","SIFO",43,47,54,NA,3,37,227,8,0.84031,"","H","N",0.52,26,0.53,26,75.13,26,80.49,26,15.16,26,1,0.78,0.45,0.42,0.42,0.491,0.475,1.758473594,"2021-09-03 22:38:53",""
891,"WHITE BULLY, WILLOW BUSTIC","N","SIDEROXYLON","salicifolium","","","SIDEROXYLON SALICIFOLIUM","SISA6",43,47,54,NA,3,37,227,8,0.84031,"","H","N",0.52,26,0.53,26,75.13,26,80.49,26,15.16,26,1,0.78,0.45,0.42,0.42,0.491,0.475,1.758473594,"2021-09-03 22:38:53",""
895,"PARADISETREE","N","SIMAROUBA","glauca","","","SIMAROUBA GLAUCA","SIGL3",43,47,NA,NA,3,37,227,8,0.84031,"","H","N",0.52,26,0.53,26,75.13,26,80.49,26,15.16,26,1,0.78,0.45,0.42,0.42,0.491,0.475,1.758473594,"2021-09-03 22:38:53",""
896,"JAVA PLUM","N","SYZYGIUM","cumini","","","SYZYGIUM CUMINI","SYCU",43,47,NA,54,3,37,227,8,0.84031,"","H","N",0.52,26,0.53,26,75.13,26,80.49,26,15.16,26,1,0.78,0.45,0.42,0.42,0.491,0.475,1.758473594,"2021-09-03 22:38:53",""
897,"TAMARIND","N","TAMARINDUS","indica","","","TAMARINDUS INDICA","TAIN2",43,47,54,54,3,37,227,8,0.84031,"","H","N",0.52,26,0.53,26,75.13,26,80.49,26,15.16,26,1,0.78,0.45,0.42,0.42,0.491,0.475,1.758473594,"2021-09-03 22:38:53",""
901,"BLACK LOCUST","N","ROBINIA","pseudoacacia","","","ROBINIA PSEUDOACACIA","ROPS",42,47,NA,NA,4,29,122,8,0.93185,"X","H","N",0.66,1,0.29,3,40.83333,9,87.89655,22,15,21,1,0.848,0.583,0.37,0.282,0.491,0.446,1.4374342249,"2021-09-03 22:38:53",""
902,"NEW MEXICO LOCUST","N","ROBINIA","neomexicana","","","ROBINIA NEOMEXICANA","RONE",48,48,NA,NA,4,38,160,10,0.65075,"","H","Y",0.66,25,0.29,25,41,25,88,25,15,25,1,0.848,0.583,0.37,0.282,0.491,0.47,1.4390618337,"2021-09-03 22:38:53",""
906,"EVERGLADES PALM, PAUROTIS-PALM","N","ACOELORRAPHE","wrightii","","","ACOELORRAPHE WRIGHTII","ACWR4",43,47,NA,NA,3,37,147,8,0.84031,"","H","N",0.52,26,0.53,26,75.13,26,80.49,26,15.16,26,1,0.78,0.45,0.42,0.42,0.491,0.475,1.758473594,"2021-09-03 22:38:53",""
907,"FLORIDA SILVER PALM","N","COCCOTHRINAX","argentata","","","COCCOTHRINAX ARGENTATA","COAR",43,47,NA,NA,3,37,147,8,0.84031,"","H","N",0.52,26,0.53,26,75.13,26,80.49,26,15.16,26,1,0.78,0.45,0.42,0.42,0.491,0.475,1.758473594,"2021-09-03 22:38:53",""
908,"COCONUT PALM","Y","COCOS","nucifera","","","COCOS NUCIFERA","CONU",43,47,53,53,3,37,147,8,0.84031,"","H","N",0.52,26,0.53,26,75.13,26,80.49,26,15.16,26,1,0.78,0.45,0.42,0.42,0.491,0.428,1.758473594,"2021-09-03 22:38:53",""
909,"ROYAL PALM SPP.","N","ROYSTONEA","spp.","","","ROYSTONEA SP.","ROYST",43,47,53,NA,3,37,147,8,0.84031,"","H","N",0.52,26,0.53,26,75.13,26,80.49,26,15.16,26,1,0.78,0.45,0.42,0.42,0.491,0.475,1.758473594,"2021-09-03 22:38:52",""
911,"MEXICAN PALMETTO","N","SABAL","mexicana","","","SABAL MEXICANA","SAME8",41,47,NA,NA,3,37,147,8,0.79248,"","H","N",0.52,26,0.53,26,75.13,26,80.49,26,15.16,26,1,0.78,0.45,0.42,0.42,0.491,0.475,1.758473594,"2021-09-03 22:38:53",""
912,"CABBAGE PALMETTO","N","SABAL","palmetto","","","SABAL PALMETTO","SAPA",43,47,NA,NA,3,37,147,8,0.79248,"","H","N",0.52,26,0.53,26,75.13,26,80.49,26,15.16,26,1,0.78,0.45,0.42,0.42,0.491,0.475,1.758473594,"2021-09-03 22:38:53",""
913,"KEY THATCH PALM","N","THRINAX","morrisii","","","THRINAX MORRISII","THMO4",43,47,53,NA,3,37,147,8,0.84031,"","H","N",0.52,26,0.53,26,75.13,26,80.49,26,15.16,26,1,0.78,0.45,0.42,0.42,0.491,0.475,1.758473594,"2021-09-03 22:38:53",""
